2844 5092
227 256 330 348 ιηι
561 257 732 324 onoacu
764 256 1004 323 natuturam

247 413 348 501 ἐτάφη
374 415 407 478 ἐν
426 413 464 499 τῇ
484 412 539 493 τής
558 411 670 496 κυριάς
687 407 831 493 Μάρθας
853 412 940 496 μονῇ.
983 409 1037 475 καί
1057 413 1100 503 api
1126 411 1337 502 Φεβρουαρίῳ

247 511 402 599 μηνί,τοῦ
422 511 523 575 αὐτοῦ
551 507 641 584 ἔτους
667 511 906 589 ἐπανέστρεψαν
928 505 1041 585 πάντες
1062 515 1107 587 είς
1130 514 1336 580 Korasion.

248 611 394 678 υοὺπολιν
414 607 444 674 oi
473 612 507 673 ἐν
536 612 575 696 τῇ
592 608 707 695 Ἰταλίᾳ
729 604 917 682 ἀπελθόντες
938 611 1039 674 ἐνεκεν
1059 615 1115 695 τής
1138 615 1297 694 συνόδου,
1319 610 1335 677 o‘

249 707 400 794 βασιλεῦς
417 713 497 792 λέγω
512 713 567 773 καί
587 705 603 771 δ
629 706 780 790 δεσπότης
794 701 848 770 καί
866 705 894 770 οἱ
918 714 1038 790 λοιποί,
1060 707 1138 775 ἄνευ
1159 715 1222 777 ταῖν
1237 716 1338 778 ἐκεῑσο

250 812 284 875 ἐν
300 809 419 897 Ἰταλίρι
441 810 732 893 ἐναπολειφθὲντων
754 809 871 888 τριιδν,
893 810 948 869 τοῦ
966 807 1168 892 πατριάρχου
1190 812 1250 893 arip
1273 814 1367 885 ’lo-5

251 911 317 995 σήφ
339 910 372 973 ἐν
395 907 580 995 Φλωρεντίρι
608 903 687 988 πρὸς
707 906 819 989 κόριον
846 906 1078 990 ἐκδημήσαντος
1098 913 1152 974 καί
1172 915 1232 975 τοῦ
1245 908 1340 995 ,Σάρ-

253 1013 333 1074 δεοον
362 1008 595 1092 μητροπολίτου
627 1007 661 1070 ἐν
685 1009 865 1094 Φερραρίρι·
916 1009 971 1069 καί
990 1007 1007 1072 ὃ
1027 1013 1165 1084 Νικαίας
1184 1010 1341 1095 πρόεδρος

252 1111 287 1174 ἐν
303 1108 409 1193 Ῥώμη
430 1107 611 1185 ἐναπέμεινε
642 1097 781 1186 τοῦνομα
801 1111 1011 1190 Βησσαρίυον,
1048 1105 1083 1171 ὃν
1104 1108 1185 1189 μετὰ
1206 1109 1263 1194 τήν
1281 1113 1342 1174 τοῦ

254 1207 455 1291 πατριάρχου
475 1202 536 1268 siai
557 1208 620 1269 τοῖν
634 1196 697 1269 ὦδε
718 1204 897 1290 ἀποδημίαν
918 1205 935 1269 ὁ
956 1201 1107 1289 βασιλιδς
1126 1207 1182 1272 καί
1202 1211 1219 1292 ή
1241 1209 1341 1274 ου’νο.

254 1310 307 1383 δος
336 1303 435 1370 αὐτὸν
456 1306 500 1378 είς
534 1300 732 1389 πατριάρχην
762 1306 972 1390 ἐψηφίσαντο.
1029 1301 1095 1372 εἶτα
1124 1306 1225 1372 ἕνεκέν
1245 1333 1391 1378 τινανιο

254 1404 441 1489 συγχύσεων
460 1408 515 1468 καί
535 1404 717 1469 σκανδάλων
735 1402 780 1488 μή
814 1403 918 1468 ἐλθών
937 1407 983 1480 εἰς
1006 1407 1344 1473 Κωνσταντινοὺπολιν

255 1509 324 1570 o’tt'
344 1505 389 1580 εἰς
411 1499 535 1586 Ῥώμην
562 1509 769 1587 προσμείνας,
805 1501 821 1567 δ
844 1494 940 1587 ἄκρος
962 1505 1131 1588 α’ρχιερεδς
1150 1503 1344 1591 καρδινοίλην

254 1606 398 1688 ἐποίησεν
419 1600 514 1666 αὐτὸν
545 1606 599 1667 καί
618 1609 747 1667 πλεῖστα
783 1605 944 1687 σιτηρέσια
965 1606 1052 1690 αὐτῷ
1072 1605 1263 1689 ἐδωρήσατο.
1305 1610 1346 1692 τῇ

257 1707 293 1767 δὲ
313 1698 356 1780 κζ
378 1704 529 1784 Μαρτίου
558 1705 614 1765 τοῦ
635 1703 736 1765 asiani
757 1699 867 1783 ἔτους,
890 1704 928 1788 τῇ
950 1708 1003 1787 τῆς
1022 1706 1081 1766 τοῦ
1100 1707 1248 1787 Χριστοῦ
1265 1707 1346 1769 σίνα-

258 1800 397 1877 στάοεοος
421 1804 564 1887 κυριακῇ,
586 1795 736 1885 ἐγεννήθη
756 1824 812 1882 μοι
835 1798 851 1864 ὅ
881 1801 1026 1888 δεύτερος
1047 1800 1117 1878 υἱός
1135 1804 1288 1885 ntegro,
1311 1802 1393 1878 3415

258 1897 337 1984 μετὰ
367 1898 533 1983 τριάκοντα
560 1899 679 1983 ήμέρας
713 1904 861 1964 α’πέθανε.
917 1901 973 1966 καί
999 1906 1043 1989 τῷ
1072 1899 1145 1986 ε”αρι
1166 1907 1224 1966 τοῦ
1241 1904 1347 1968 αὐτοῦ

258 1999 349 2076 ἔτους
368 2001 488 2082 ἐγένετο
518 1998 713 2083 πατριάρχης
736 2000 1098 2075 Κωνσταντινουπόλεως
1126 2000 1186 2086 κδρ
1210 2007 1349 2088 Μητρο-

260 2099 361 2187 φάνης
383 2100 399 2163 ὁ
421 2098 494 2180 πρίν
515 2100 659 2176 Κυζίκου
678 2102 915 2184 μητροπολίτης.

344 2204 391 2266 18.
434 2197 506 2265 Καὶ
524 2201 562 2285 τῇ
584 2194 607 2272 ς’
619 2202 815 2281 Δεκεμβρίου
836 2200 935 2284 μηνός
956 2203 1015 2265 τοῦ
1036 2199 1116 2292 ‘spii'
1141 2198 1227 2278 ἔτους
1248 2224 1348 2283 προσ-

258 2296 397 2384 ετίχθην
423 2300 573 2363 ἐπελθεῖν
593 2321 634 2378 με
667 2299 713 2371 εἰς
732 2300 874 2380 Λέσβον,
907 2297 988 2364 ἔνθα
1021 2299 1272 2385 ualentiorque
1295 2301 1398 2372 tm.

259 2403 303 2477 τίς
324 2408 457 2483 γυναῖκα
479 2399 560 2485 λα’βη
589 2396 775 2481 ὁδεσπότης
801 2395 859 2481 κδρ
883 2402 1122 2476 Κωνσταντῖνος
1150 2401 1168 2463 δ
1193 2400 1350 2483 αὐθέντης

258 2524 321 2582 μου
337 2497 394 2583 τήν
407 2500 521 2583 κυρίαν
535 2495 760 2580 Αίκατερίναν,
779 2499 940 2583 θυγατέρα
956 2502 1014 2563 τοῦ
1033 2503 1090 2583 τῆς
1108 2495 1275 2584 εἰρημένης
1296 2499 1351 2584 νή·

331 2684 356 2736 η.
382 2663 398 2720 δ
426 2664 456 2719 δὲ
472 2666 622 2734 Βησαρίυν
640 2662 774 2736 τοῦνομα,
800 2659 834 2725 δς
860 2668 907 2718 καὶ
937 2670 984 2732 τῆς
1002 2670 1121 2724 Νικαίας
1144 2665 1287 2740 πρόεδρος
1307 2661 1348 2733 ήν,

332 2769 387 2834 ζῶν
407 2770 438 2824 ἐν
457 2769 487 2855 κρῖ
503 2767 590 2840 Ῥώμη
609 2768 800 2841 ἐναπίμεινεν,
821 2765 853 2822 ὃν
873 2772 891 2821 P
965 2771 1003 2836 νή.
1023 2771 1073 2835 κδη
1090 2775 1214 2842 μαριίου
1231 2764 1349 2843 purifi)

332 2844 371 2894 ¹5·
392 2839 407 2895 ὁ
429 2840 558 2910 &testeos
575 2840 656 2892 0¹11?
761 2835 792 2899 ὃς
808 2870 842 2879 -
863 2838 998 2914 ἀπέθανε]
1026 2845 1073 2894 καὶ
1093 2841 1177 2908 ζήσας
1195 2842 1350 2915 τριάκοντα

329 2911 437 2984 ἡμέρας
451 2909 543 2985 μόνον
560 2910 588 2961 Μ

261 3076 332 3128 thee.
352 3089 445 3127 mense
465 3073 611 3126 Februario
639 3071 759 3125 eiusdem
786 3073 860 3137 anni,
878 3082 1015 3147 quotquot
1033 3074 1127 3145 synodi
1147 3093 1227 3128 causa
1249 3077 1277 3127 in
1294 3076 1351 3128 Ita·

260 3147 323 3198 iiam
333 3146 448 3216 proiecti
465 3146 582 3208 fucrant,
593 3143 700 3214 Cpoiim
717 3144 864 3209 redierunt,
884 3148 1037 3217 imperator,
1051 3149 1202 3199 Demetrius
1224 3148 1348 3216 despota,

260 3226 289 3269 et
305 3217 412 3287 reliqui,
430 3216 516 3268 tribus
536 3219 565 3268 in
584 3217 661 3268 ltalia
680 3215 791 3280 relictis,
809 3217 925 3287 Iosepho
944 3217 1108 3288 patriarcha,
1126 3219 1174 3288 qui
1194 3218 1348 3268 Florentiae

260 3287 296 3338 ad
318 3287 457 3339 dominum
476 3288 618 3350 concessit,
636 3285 820 3339 Sardiensium
844 3289 1025 3358 metropolita,
1044 3292 1090 3359 qui
1110 3291 1247 3339 i'errariae
1268 3288 1348 3349 obiit,

261 3360 461 3419 etBessarione,
481 3359 597 3410 Nicaeae
617 3359 755 3427 episcopo,
773 3359 820 3427 qui
839 3360 937 3410 Rornae
956 3360 1070 3425 mansit3
1090 3376 1170 3428 quern
1190 3369 1253 3428 post
1275 3362 1350 3410 Iose-

260 3426 309 3496 phi
328 3428 495 3497 patriarchae
518 3428 628 3481 obitum
642 3429 788 3499 imperator
813 3437 841 3480 et
867 3429 986 3496 synodus
1011 3430 1192 3497 subrogarunt
1208 3432 1237 3481 in
1260 3431 1348 3480 iocum

261 3498 329 3549 eius.
349 3498 441 3549 atille
465 3510 577 3569 propter
602 3500 821 3568 perturbationes
846 3515 933 3550 rerum
960 3509 988 3552 et
1005 3501 1195 3552 contentiones
1216 3501 1348 3569 quasdam

261 3584 316 3620 non
334 3576 409 3619 venit
432 3570 556 3637 cpolim,
574 3569 623 3621 sed
642 3571 740 3622 Romae
770 3569 893 3631 haerens,
911 3588 927 3620 a
951 3588 1054 3623 summo
1073 3571 1123 3621 ilio
1141 3571 1349 3640 archiepiscopo

260 3648 423 3708 purpuratus
439 3640 525 3690 factus
544 3649 573 3692 et
589 3638 936 3707 stipendiistiberatissimc
948 3640 1065 3693 donatas
1084 3649 1134 3693 cst.
1153 3641 1250 3692 eodem
1268 3658 1349 3701 anno,

261 3710 306 3761 die
326 3710 453 3761 vicesimo
470 3711 585 3785 septimo
603 3711 703 3773 Martii,
724 3728 793 3780 quae
815 3719 872 3762 erat
889 3710 1025 3763 dominica
1046 3713 1262 3774 resurrectionis,
1281 3712 1350 3762 aiter
1373 3723 1397 3733 ‘⁴

261 3780 334 3833 filius
360 3779 425 3831 mibi
451 3788 531 3831 natus
561 3787 620 3841 cst,
637 3780 764 3844 Alesius,
791 3783 838 3850 qui
857 3789 948 3833 tamen
973 3783 1042 3833 intra
1062 3782 1121 3833 dies
1139 3785 1252 3852 triginta
1270 3782 1348 3835 obiit.
1389 3814 1397 3820 ·

261 3867 325 3903 vere
344 3850 464 3902 eiusdem
485 3851 548 3902 anni
566 3850 718 3920 patriarcha
728 3853 820 3922 Cpoiis
842 3851 928 3904 iactus
947 3851 1196 3924 estbietrophancs,
1216 3855 1266 3925 qui
1286 3854 1397 3906 antea

262 3923 435 3991 metropolita
454 3922 542 3987 Cyzici
561 3922 657 3972 iuerat.

336 3995 375 4045 18.
412 3993 462 4042 Die
488 3999 565 4043 sexto
584 3990 740 4044 Decembris
763 3991 827 4042 anni
845 3993 915 4062 ⁶9⁴9
934 3993 962 4043 in
980 3993 1096 4046 Lesbum
1118 3995 1214 4046 missus
1232 4010 1300 4055 sum,
1318 3997 1396 4046 οὔ

264 4063 455 4115 Constantinus
482 4062 611 4131 despota,
638 4063 763 4114 dominus
781 4077 871 4126 meus,
888 4064 1083 4125 neotericam,
1101 4066 1220 4117 Notarae
1238 4066 1396 4117 Parasoae

264 4132 320 4203 logi
339 4134 515 4198 Cateliutzae,
534 4134 593 4187 eius
611 4134 716 4186 insulae
733 4133 874 4203 principis,
899 4134 992 4199 filiam,
1010 4136 1040 4189 in
1056 4137 1258 4189 matrimonium
1280 4136 1396 4187 acci-³
