2724 5114
157 647 212 708 nn
240 643 608 710 urasssnourcauss
621 647 789 715 arcturo
807 642 1036 710 usunsuo.
1066 615 1151 728 497

56 817 114 861 τον
131 797 177 868 εἰς
198 791 295 878 ἀργην
314 798 388 857 καθ
409 789 499 877 ἡμῶν
518 794 698 879 κινησάσης,
718 795 868 859 παιδειάν
889 792 963 875 ἡμῖν
982 794 1157 873 ἐπενεγκεῖν

57 899 229 958 πταίουσιν
251 891 457 977 ἀδιόρθωτα,
488 897 540 957 ἵνα
572 898 649 976 γοῦν
673 891 796 958 ἑαυτῶν
825 890 987 974 γενόμενοι
1018 893 1073 954 xus*
1098 891 1157 952 τοῦ

57 999 175 1058 λοιποῦ
194 989 465 1076 σωφρονήσωμεν.
516 996 549 1057 εἰ
575 994 611 1056 δέ
632 1017 680 1070 τις
709 997 774 1057 τοῦν
794 991 868 1072 πρὶν
889 990 1159 1074 ἀπομνημονεύων

57 1092 185 1176 χρόνων
217 1095 273 1155 καῖ
288 1091 384 1155 πόλιν
404 1091 482 1174 ἡμῖν
501 1089 666 1179 ἀντιλέγῃ,
687 1094 744 1155 καί
764 1093 810 1178 τῷ
830 1093 957 1170 ποιμένι
978 1089 1034 1172 την
1054 1091 1159 1152 αἰτίαν

28 1189 162 1279 eandm
187 1199 253 1265 τοῖς
282 1192 498 1274 προδεδόσθαι
520 1193 668 1256 ἐθέλουσι
689 1188 733 1275 μή
751 1189 791 1255 τά
813 1188 869 1255 ἴσα
888 1186 1083 1274 φρονήσαντι
1105 1189 1162 1250 καῖ

57 1294 319 1378 βουλευσαμένῳ,
336 1289 522 1373 μεμηνότος,
542 1285 652 1373 οἶμαι,
680 1293 825 1374 κέκτηται
847 1284 1029 1370 λογιομοός.
1072 1289 1160 1362 προῦ-

58 1412 114 1456 τον
134 1394 193 1469 μὲν
224 1387 287 1471 γάρ
317 1389 356 1452 οῦ
385 1391 445 1453 τοῦ
462 1388 624 1472 σχήματος
654 1391 714 1452 τοῦ
744 1385 921 1470 ἀρχιερέως
941 1385 1161 1469 στρατηγικῶν

59 1486 258 1574 πραγμάτων
280 1484 585 1568 ἀντιλαμβάνεσθαι,
605 1490 660 1551 xus*
672 1487 724 1552 τὸν
741 1489 801 1568 μὲν
815 1488 1009 1568 τυραννικῶς
1029 1485 1162 1561 δξωθεῖν

58 1593 118 1673 τῆς
139 1588 240 1671 ἀρχῆς
262 1585 319 1651 τόν
338 1589 373 1652 δὲ
393 1588 608 1671 ἀντεισάγειν,
628 1589 683 1651 καί
703 1582 899 1668 πραγμάτων
918 1588 975 1648 καί
986 1579 1087 1668 φόνου
1108 1581 1163 1644 κατ’

12 1690 206 1771 ωζημιοῦν,
232 1687 352 1750 τούτων
375 1685 414 1768 δη
436 1686 498 1751 τεόν
518 1690 553 1751 ἐν
565 1695 635 1761 ταῖς
656 1691 847 1770 ἐναλλαγαῖς
867 1687 932 1749 τῶν
946 1682 1057 1764 ἀρχιῦν
1078 1706 1163 1760 συμ-

60 1782 247 1871 βαινόντων,
271 1784 373 1850 αἴτιον
393 1787 588 1851 δείκνυσθαι.
630 1786 668 1850 οῦ
687 1787 749 1869 γάρ
775 1783 830 1849 ε’πί
848 1781 966 1866 θρόνον
985 1778 1085 1844 αῦτόν
1106 1804 1163 1844 να-

61 1886 194 1965 θιζουσι
215 1885 412 1965 τυραννικόν,
437 1887 507 1948 ἀλλ’
527 1888 583 1949 ἑοῖ
601 1884 720 1969 θρόνον
742 1880 909 1966 ἱερατιιιόν,
932 1880 987 1944 καί
1007 1881 1223 1948 δεσπότου335

62 1985 182 2068 πραὲος
208 1986 265 2048 καί
289 1980 417 2067 εἰρήνην
448 1981 644 2061 διδάξαντος.
696 1984 751 2046 καί
778 1985 831 2046 δεῖ
853 1984 969 2046 τοῦτον
990 1982 1025 2043 ἐκ
1046 1974 1164 2053 παντός

63 2084 184 2168 τρόπον
217 2087 414 2162 μιμεῖσθαι,
441 2086 497 2147 καί
527 2084 632 2167 λόγοις
656 2078 673 2146 ἓ
699 2122 1162 2148 .................

15 2181 123 2254 ι5καί
141 2180 335 2267 πράγμασιν.
377 2179 488 2247 ἔπειτα
503 2227 939 2249 ...............
958 2174 1035 2262 ὅπερ
1057 2177 1165 2262 εἴργο·

64 2306 142 2361 στος
165 2277 216 2345 ότι
238 2289 306 2355 τοῖς
325 2283 385 2345 τοῦ
406 2285 485 2346 θεοῦ
502 2280 612 2362 νόμοις
628 2285 775 2363 ἐμμένειν
788 2277 935 2370 παρῄνει,
958 2281 1014 2344 ιιαί
1031 2274 1089 2361 την
1111 2274 1166 2340 ιῦ·

64 2384 194 2463 σέβειμν
214 2377 423 2460 συνεβούλευε
452 2379 496 2463 μη
519 2382 696 2462 προέσθαις
729 2375 781 2445 ότι
808 2378 854 2462 μή
880 2378 1167 2454 κατεξανιστοσθαι

67 2482 132 2545 τῶν
152 2477 329 2564 ἀρχόντων,
357 2476 447 2542 ἀλλά·
460 2477 591 2553 τοῦτους
619 2475 663 2553 οῦς
682 2483 718 2544 εἰι
740 2482 822 2543 θεοῦ
841 2478 1078 2561 προβληθέντος
1097 2475 1166 2537 aar·

66 2581 166 2642 δασκε
185 2582 347 2660 στέργεινς
368 2576 424 2641 καί
443 2579 521 2659 τόγε
543 2571 621 2642 ἀλλο
642 2581 799 2659 προσῆκεν
819 2579 945 2663 ἐκείνῳ,
975 2571 1088 2654 ψυχάς
1109 2571 1168 2635 ἀν-

14 2676 208 2759 αοθροόπων
222 2675 301 2759 πρός
319 2679 400 2740 θεοῦ
422 2679 642 2756 πιστευθὲντις
664 2671 748 2757 ὅμως
761 2676 878 2751 ἐκεῖνος
890 2675 944 2738 sui
961 2665 1060 2746 οῦτως
1081 2668 1167 2752 ἔχων

66 2779 120 2861 ἐφ’
139 2772 274 2840 ἑκάστου
288 2773 406 2857 σχεδόν
418 2773 508 2850 ἔτους
528 2770 619 2858 η’ξόου
640 2775 698 2858 την
718 2776 808 2838 πόλιν
829 2774 994 2837 ἀπολιπεῖν
1014 2769 1068 2835 καὶ
1088 2772 1168 2852 πρός
1193 2835 1194 2839 ,

67 2874 126 2962 την
148 2874 355 2960 δνεγκαμόνην
373 2879 536 2959 γενέσθαι,
559 2874 637 2951 ἴσως
656 2877 696 2941 ἵν’
716 2874 807 2958 ἡμεῖς
826 2873 910 2957 ῦπὲρ
923 2868 1045 2937 ἑαυτῶν
1065 2891 1166 2955 φρον.

140 3072 166 3123 θ.
186 3070 456 3142 σωφρονίσωμενλ
548 3072 588 3139 14.
608 3066 795 3142 ἑῙὲπόμενον
814 3064 911 3140 ariani?
1006 3067 1046 3120 15·
1066 3102 1073 3117 .
1095 3101 1102 3116 ·
1122 3062 1167 3143 η]

141 3140 344 3198 tisuidum?

67 3324 197 3378 cundiam
215 3327 309 3391 movit,
328 3334 357 3379 st
374 3324 408 3378 ad
425 3328 512 3378 nostri
548 3327 709 3390 unitionem,
727 3324 775 3396 qui
796 3325 945 3377 incorrecte
965 3320 1093 3386 labimur,
1115 3338 1164 3373 ex-

67 3399 172 3459 citavit,
190 3406 222 3449 ut
238 3396 273 3448 ad
289 3399 470 3468 nosmetipsos
490 3345 634 3449 redemta
661 3400 846 3466 inposterum
873 3395 1017 3463 sapiamus.
1052 3388 1167 3462 quodsi

67 3467 132 3538 quis
153 3477 278 3520 anteacta
310 3476 432 3537 tempora
460 3485 671 3520 commemorans
693 3470 790 3520 iterum
809 3464 890 3516 nobis
911 3469 1050 3532 opponat,
1068 3471 1097 3514 et
1117 3479 1168 3532 pa·

66 3539 137 3590 stori
163 3556 270 3590 causam
302 3543 449 3609 appingat,
476 3541 524 3608 qui
550 3539 650 3591 dedere
679 3555 707 3590 ae
731 3537 898 3598 volentibus,
925 3535 1166 3586 sententiantium

68 3608 143 3670 data,
161 3609 336 3674 contradixit,
355 3609 515 3661 insanientis
534 3612 711 3678 cogitationes
726 3608 845 3678 suscipit.
883 3606 996 3676 primum
1017 3605 1089 3656 enim
1109 3622 1166 3657 non

67 3678 187 3732 addecet
205 3682 362 3750 pontificem
385 3697 472 3732 rerum
489 3682 646 3732 militarium
665 3695 746 3742 cura,
767 3688 795 3730 et
814 3678 887 3728 hunc
905 3674 1016 3747 quidem
1034 3682 1169 3742 tyranno-

67 3767 130 3802 rum
147 3767 222 3802 more
240 3752 394 3821 principatu
410 3751 522 3820 pellere,
541 3752 619 3802 iilum
638 3760 731 3803 contra
748 3751 777 3799 in
794 3749 991 3818 possessionem
1010 3747 1165 3811 immittere,

68 3829 100 3873 et
121 3824 300 3873 mutationum
329 3840 359 3873 ac
384 3821 506 3874 caedium
535 3839 587 3873 nec
613 3838 669 3873 non
689 3821 863 3881 damnorum,
890 3833 969 3888 quae,
988 3816 1054 3869 dum
1075 3834 1166 3869 rerum

67 3900 157 3945 status
176 3895 350 3953 immutatur,
367 3893 512 3955 eveniunt,
535 3901 673 3943 auctorem
695 3907 769 3943 esse:
797 3907 887 3960 neque
907 3890 978 3941 enim
999 3890 1103 3958 ipsein
1122 3897 1166 3955 ty-

67 3964 219 4026 rannicum,
236 3964 333 4015 sedin
351 3963 528 4025 sacerdotale,
551 3973 579 4015 et
599 3964 670 4014 mitis
690 3961 802 4020 domini,
821 3961 915 4031 etqui
938 3976 1031 4030 pacem
1050 3958 1167 4028 deprae-

66 4034 187 4096 dicavit,
206 4036 283 4086 cuiua
302 4035 424 4103 vestigiis
443 4035 569 4087 insistere
587 4033 675 4085 modis
693 4033 819 4084 omnibus
838 4040 866 4084 st
886 4032 958 4083 dicta
977 4033 1103 4098 factaque
1121 4046 1167 4080 se·

65 4105 119 4176 qui
137 4104 236 4169 debet,
259 4106 357 4156 solium
375 4115 555 4174 promovetur.
599 4104 727 4174 deinceps
755 4103 822 4174 quid
840 4103 889 4154 itte
906 4102 1016 4153 molitus
1036 4100 1094 4150 est?
1130 4117 1166 4153 an

67 4174 146 4297 ροοά
166 4177 196 4227 in
220 4176 326 4244 legibus
349 4175 449 4227 divinia
471 4177 616 4244 perdurare
648 4175 860 4237 adhortabimur,
880 4190 936 4224 non
961 4168 1165 4240 aprincipibus

89 4247 291 4308 esciscendum‚
310 4263 380 4315 qnos
407 4248 492 4297 veluti
511 4264 527 4298 ο
547 4248 599 4299 deo
617 4256 753 4316 promotos
772 4242 981 4297 exosculandum
1001 4257 1061 4291 essa
1081 4240 1167 4290 doce-

66 4316 141 4369 bat?
178 4326 207 4370 et
227 4326 318 4370 umen
336 4319 364 4367 in
382 4316 458 4368 aliud
475 4318 516 4367 ilii
537 4317 747 4370 incumbendum
767 4325 840 4376 erat,
861 4316 904 4365 cui
932 4312 1084 4363 mortalium
1105 4315 1168 4363 ani-

67 4403 132 4441 mae
152 4405 201 4458 per
218 4388 298 4440 deum
320 4395 399 4439 erant
411 4387 590 4440 concreditae.
627 4388 804 4440 nihilominus
823 4385 880 4447 iile,
899 4384 950 4434 hoc
969 4381 1050 4433 modo
1072 4382 1166 4453 dispo-

67 4461 147 4521 situs,
165 4460 223 4511 sere
242 4459 355 4528 singuiis
373 4459 450 4510 annis
473 4458 506 4509 ab
525 4458 591 4511 urbe
616 4460 743 4512 recedere
767 4454 879 4508 volebat
897 4465 925 4506 et
943 4456 971 4507 in
989 4454 1103 4523 patriam
1124 4470 1167 4504 re-

66 4530 148 4592 sedi,
167 4530 238 4581 forte
255 4539 285 4582 ut
302 4548 352 4585 nos
370 4538 462 4585 nostra
480 4546 676 4585 accusaremus.
694 4541 696 4544 ’
723 4526 773 4582 sed
791 4543 883 4599 neque
900 4525 952 4578 hac
969 4526 1075 4578 rarione
1093 4527 1166 4596 passi

139 4632 300 4688 Ρῖινοπιτει.
986 4630 1021 4685 32
