2746 5084
433 598 512 661 ιιο.
546 599 612 662 rv.-
628 593 718 664 ese.
744 598 826 664 xus.
1074 569 1159 685 393

61 746 180 813 κολάου
202 748 262 811 τοῦ
281 749 490 830 Μελισσηνοῦ
510 751 570 812 τοῦ
596 747 653 813 καί
669 749 912 831 μελλογάμβρου
931 772 1003 831 μου,
1024 752 1081 815 καί
1099 752 1162 814 ανί-

63 847 124 921 τός
140 847 235 930 α’φείς
255 845 313 929 τήν
334 850 510 912 ου’θεντίαν
530 850 584 911 καί
603 850 709 912 πᾶσαν
729 845 788 932 τήν
810 847 916 913 αὑτοῦ
935 851 1087 933 κτήσίντε
1106 847 1162 913 καί

63 949 251 1027 περιουσίαν
271 949 460 1030 παρεγένετο
481 950 537 1013 καί
563 945 659 1022 αὐτὸς
676 951 749 1029 μεθ’
770 947 861 1032 ήμῶν
883 950 918 1013 ἐν
938 953 977 1034 τῇ
1001 948 1161 1036 Μοθοάνῃ,

62 1048 140 1126 περί
157 1043 194 1110 τά
216 1049 305 1120 τέλος
335 1049 390 1110 τοῦ
407 1050 605 1130 Δεκεμβρίου
633 1045 732 1131 μηνὸς
754 1050 813 1112 τοῦ
835 1048 935 1111 ον’τοῦ
954 1046 1064 1123 ἔτους·
1108 1050 1165 1114 καί

32 1141 254 1230 5καθήμενοι’
274 1141 451 1231 ἀμφότεροι
473 1149 507 1211 ἐν
536 1149 582 1234 τῷ
598 1151 700 1227 λιμένι
721 1148 978 1232 ἐκαραδοκοῦμεν
998 1150 1163 1232 καθορῶν-

61 1268 116 1322 τες
137 1241 172 1308 τά
205 1246 261 1328 τής
282 1243 432 1329 τοιαύτης
460 1249 630 1330 τρικυμίας
649 1249 758 1323 τέλος,
784 1249 815 1310 εἰ
833 1246 889 1310 καί
907 1245 924 1311 ά
948 1247 1024 1322 θεὸς
1040 1269 1162 1331 μακρο·

61 1343 197 1431 θυμήοῃ
221 1346 282 1409 Ιἵνα
317 1342 347 1408 ci
365 1345 516 1410 α’σάνοσοί
544 1367 618 1409 ποτε
639 1341 818 1430 συνήσουσιν
837 1351 894 1411 καί
913 1344 943 1410 οἱ
964 1347 1072 1430 μαροί
1089 1369 1163 1411 ποτε

62 1440 260 1530 φρονήοωοι,
285 1444 340 1508 καί
360 1441 492 1524 ὁμόνοια
527 1443 582 1507 καί
599 1442 707 1528 εἰρήνη
728 1444 901 1530 γενήσηται
925 1447 1082 1528 ἅναμίοον
1103 1446 1164 1509 σάν
1227 1432 1230 1439 ’

62 1546 140 1624 τοῖν,
162 1541 295 1607 καὶτοῦ
316 1546 396 1607 θεοῦ
417 1543 568 1628 δεηθῶσι,
589 1545 644 1607 καί
665 1540 780 1630 ἐλεήσῃ
794 1548 854 1625 μὲν
876 1543 995 1620 ου’τοάς
1009 1543 1053 1620 ὥς
1074 1543 1163 1626 ἐλεή-

11 1667 135 1725 ιομιον
153 1639 247 1724 θοάς,
279 1640 439 1730 προστάξῃ
466 1644 501 1707 δὲ
528 1639 585 1707 καί
613 1640 667 1706 τάν
696 1642 809 1726 δήμιον
837 1643 939 1708 αὑτοῦ
960 1643 1089 1729 άμηροῖν
1107 1635 1165 1708 καί

62 1741 143 1829 ἐάσῃ
173 1739 293 1818 αάτοάς
326 1745 422 1826 ζήσαι
451 1746 582 1807 πλείονα
607 1742 743 1826 χρόνον·
793 1742 890 1808 τόπον
917 1741 980 1831 ,γάρ
1002 1743 1058 1810 καί
1074 1741 1163 1822 τάξιν

61 1837 133 1922 ἔχει
150 1844 207 1905 καί
226 1839 325 1917 ου’τάς
351 1840 432 1927 πρὸς
449 1840 527 1907 θεὸν
547 1846 617 1909 οἵαν
646 1838 800 1908 οῖαάτοῦ
821 1843 930 1926 δήμιοι
952 1841 1032 1927 πρὸς
1053 1838 1162 1925 αάτάν,

61 1940 176 2016 οἵτινες
197 1943 356 2025 πληροῦσι
372 1944 433 2021 μὲν
451 1937 492 2007 τά
513 1942 744 2028 προστάγματα
760 1942 874 2026 αὐτοῦ,
895 1941 960 2009 eici
978 1944 1015 2008 ci
1036 1945 1091 2011 καί
1106 1967 1163 2026 μι-

63 2041 158 2123 σητοί
176 2043 231 2105 καί
252 2037 473 2124 α’ποτράααιοι.
1159 2097 1161 2105 r

7 2128 59 2212 13
149 2142 219 2205 Καὶ
235 2137 355 2205 τοίνυν
376 2137 414 2226 δή
436 2144 500 2208 τάν
520 2145 768 2226 προρρηθέντων
787 2146 892 2208 κακοῖν
912 2141 993 2209 κατά
1015 2147 1073 2227 τῆς
1090 2148 1162 2209 fla-
1203 2211 1208 2220 „

65 2238 261 2322 λοποννήσου
285 2243 517 2325 περισσοτέρως
551 2241 668 2318 παντὸς
700 2242 818 2308 α’θλίου
844 2239 942 2307 τόπου
972 2246 1163 2326 γινομένων,

63 2336 212 2416 ἐλθόντος
234 2341 270 2404 δὲ
290 2344 346 2405 καί
363 2343 483 2425 μέρους
505 2342 570 2406 τάν
586 2347 616 2407 Τ
613 2343 737 2427 ου’ρκων
757 2345 894 2428 στρατοῦ
914 2340 1045 2422 ἔξωθεν,
1067 2348 1160 2408 κατέ·

62 2441 188 2523 δραμον
206 2435 262 2504 τάν
282 2439 380 2505 τόπον
397 2434 535 2525 ἅπαντα,
557 2439 613 2506 καί
640 2444 693 2507 ἵνα
714 2436 796 2524 άπερ
818 2439 900 2506 κακά
918 2446 1110 2524 παρέλειπον
1130 2441 1162 2507 oi

62 2532 225 2621 οίκήιορες
245 2541 303 2605 καί
321 2538 429 2623 κύριοι
448 2543 505 2606 καί
524 2542 680 2607 αιίθέντοιι
701 2541 758 2625 καί
776 2536 937 2626 ἄρχοντες,
959 2544 998 2605 ου’
1011 2544 1163 2628 προαιρί·
1230 2588 1233 2598 =

0 2676 18 2696 ν
31 2661 116 2708 noes
135 2638 204 2703 ἀλλ’
232 2638 365 2728 ἀνδρίᾳ,
390 2638 552 2724 πράξωσιν
571 2642 684 2725 ου’τοί,
703 2639 759 2706 καί
777 2642 837 2707 τοῦ
854 2644 913 2721 μὲν
932 2635 1004 2716 ἑνὸς
1024 2642 1088 2706 τοῖιν
1109 2643 1164 2705 δε.

62 2741 189 2805 οποτάν
210 2742 326 2826 ἐχθροί
344 2734 451 2821 ὄντες,
471 2744 529 2805 τοῦ
562 2743 591 2805 δ’
614 2732 712 2806 άλλου
726 2740 819 2824 τάχα
840 2743 966 2827 prior-³
990 2738 1033 2806 ὃν
1046 2738 1086 2824 δή
1110 2742 1164 2805 rien

62 2837 199 2925 οπάτην,
221 2838 278 2906 τάν
307 2842 363 2906 καί
383 2837 503 2928 ἐχθράν
524 2839 631 2908 ariscio
661 2838 721 2929 κάρ
745 2843 878 2923 θωμάν,
900 2843 946 2918 εἰς
967 2839 1008 2907 τά
1033 2839 1109 2928 περί
1125 2838 1161 2908 τά

134 3070 161 3126 6·
180 3069 229 3122 καλ
246 3070 272 3124 ai
288 3069 309 3122 P
400 3071 441 3127 ra.
461 3070 588 3130 διέλιπον
604 3069 626 3123 Ρ

59 3282 110 3345 tia,
130 3281 230 3352 peritia
249 3289 278 3335 et
303 3298 403 3352 genere
427 3284 543 3337 eximius
562 3285 605 3337 sir
621 3283 753 3352 Georgius
770 3282 847 3346 naut,
867 3281 1017 3334 avunculus
1037 3281 1106 3343 eius,
1128 3279 1162 3333 de

60 3369 118 3422 quo
136 3352 203 3416 dixi,
224 3353 490 3418 NicolaiMclicseui,
510 3357 558 3478 spui
576 3371 660 3425 gener
677 3373 753 3406 meus
772 3355 879 3407 futurus
896 3361 963 3415 erat,
982 3352 1077 3403 relicta
1095 3367 1163 3421 pro-

58 3425 150 3476 vincia
168 3441 228 3475 cum
245 3425 326 3477 bonis
344 3435 373 3478 et
390 3427 513 3479 facultati
537 3444 566 3478 us
601 3425 745 3488 omnibus,
765 3425 862 3482 eodem
879 3439 987 3476 mecum
1007 3423 1093 3484 veuit,
1112 3439 1164 3473 ex-

17 3546 24 3559 „
59 3502 150 3547 tremo
161 3496 306 3549 Decembri
325 3498 390 3549 cuni
408 3498 543 3562 eiusdem3
561 3497 687 3549 sedantes
710 3514 743 3549 ue
763 3495 842 3548 ambo
860 3495 890 3546 in
908 3502 1000 3564 portu,
1023 3502 1164 3549 tantorum

58 3566 192 3618 fluctuum
208 3567 291 3619 finem
316 3568 541 3636 opperiebamur,
563 3569 586 3619 si
603 3568 674 3619 forta
689 3514 759 3621 icus
777 3585 825 3636 pro
843 3565 979 3635 patientia
996 3581 1046 3615 sua
1065 3580 1162 3633 exspe-

58 3645 182 3695 ctaturus
204 3648 292 3702 esset,
320 3639 384 3690 dum
409 3640 579 3709 insipientes,
600 3647 736 3707 saperent,
758 3637 836 3690 stulti
855 3635 890 3687 ad
908 3636 1054 3688 sanitatem
1073 3650 1164 3687 rever·

56 3716 193 3771 urentur,
212 3726 306 3777 pacem
324 3711 553 3779 concordiamque
572 3708 695 3761 colerent
714 3717 742 3760 et
762 3708 843 3759 deum
866 3715 1061 3776 precarentur,
1079 3714 1163 3775 atque

57 3780 265 3832 commiseratus
283 3796 329 3833 eos
349 3797 397 3850 pro
420 3779 606 3833 misericordia
625 3797 676 3830 sua
694 3779 762 3831 deus
780 3780 961 3847 imperaturus
980 3786 1053 3830 esset
1072 3777 1162 3828 carui-

57 3850 104 3901 fici
122 3867 171 3901 suo
191 3866 315 3913 amerus,
346 3858 377 3903 ut
397 3867 443 3904 eos
469 3851 573 3903 diutius
602 3851 703 3921 spirare
728 3858 877 3919 pateretur.
913 3847 959 3901 hic
980 3849 1052 3911 enim
1071 3848 1162 3900 locum

58 3929 88 3972 et
106 3920 229 3973 ordinem
246 3921 319 3991 apud
339 3921 420 3974 deum
438 3932 522 3988 tenet,
544 3922 653 3993 qualem
667 3920 741 3991 apud
759 3923 848 3989 ipsum
867 3920 1006 3972 carnifices
1025 3919 1094 3983 eius,
1112 3918 1162 3987 qui

56 3992 133 4043 iussa
151 3993 209 4043 eiua
230 3992 355 4056 iaciunt,
376 4001 512 4047 ettamen
530 3994 607 4046 exosi
625 4002 654 4045 et
676 3992 805 4045 contemti
823 3999 895 4043 sunt.

147 4056 240 4133 Quum
257 4064 301 4127 iis,
319 4081 390 4134 quac
415 4076 478 4119 anta
517 4065 738 4126 commemoravi,
768 4063 848 4115 malis
872 4061 1075 4129 Peloponnesus
1100 4074 1161 4124 gra-

55 4131 134 4195 V3¹¹⁸s
153 4149 232 4204 quam
250 4134 308 4186 ullu
335 4135 389 4186 alia
408 4137 504 4190 mirera
534 4137 627 4204 regio,
660 4135 843 4203 affligeretur,
871 4134 952 4186 etiam
977 4146 1072 4182 manns
1090 4129 1163 4180 Tur·

56 4219 150 4255 carum
176 4214 288 4259 externa
322 4204 434 4258 advenit
462 4217 491 4260 et
516 4216 613 4259 cuncta
640 4205 807 4267 incurrerit,
837 4212 868 4255 ut
899 4219 968 4273 quas
999 4199 1091 4253 clades
1116 4200 1162 4250 iu·

55 4273 153 4337 colas,
180 4275 302 4341 domini,
336 4278 489 4346 principes,
517 4278 649 4345 primores
682 4294 738 4329 non
771 4275 913 4336 consulto,
944 4270 994 4324 sed
1029 4269 1160 4321 resisten-

55 4347 126 4398 tium
146 4346 247 4399 virtute
265 4347 399 4416 impediti,
419 4349 580 4410 omiserant,
603 4349 647 4399 illi
667 4349 796 4409 ederent,
826 4345 938 4396 alterius
958 4341 1089 4410 despotac
1108 4340 1162 4392 ho·

54 4426 122 4479 stes,
141 4417 255 4470 alterius
286 4419 382 4470 amici:
411 4435 427 4471 e
447 4418 548 4488 quibus
568 4420 657 4482 illum,
682 4417 823 4470 inimicum
841 4415 896 4467 sibi
913 4411 1056 4475 Theman,
1073 4427 1160 4482 propo

55 4490 235 4545 Leontarium
256 4498 403 4563 repertum,
422 4490 520 4544 acriter
545 4489 681 4555 insectati,
699 4490 729 4543 in
753 4486 850 4541 urbem
869 4484 1069 4558 compulerunt,
1086 4481 1158 4535 mul-
