2724 5114
213 249 298 338 508
517 275 683 341 iuturus
723 272 1001 339 uuusuosrru

210 431 331 494 πλοίων
361 421 495 511 ἑτέρων,
517 428 595 506 μεθ’
619 420 694 508 ὅσης
715 417 755 489 οἷν
775 446 824 499 τις
852 421 936 489 εἰποι
956 423 1015 507 τῆς
1031 420 1171 507 φρίκης·
1218 414 1313 507 ᾤοντο

210 524 272 610 γὰρ
293 525 405 615 πολλοί
423 520 518 607 μὴπαι
542 521 617 600 τοός
648 526 819 603 πολεμίους
842 523 974 588 εἰσιίναι
995 522 1129 585 ἐκεῖθεν.
1170 518 1210 610 τό
1230 525 1257 585 δ’
1277 513 1313 602 ἧν

211 627 404 704 τοόναντίον,
424 621 479 687 καί
509 625 566 704 τῆς
587 645 623 704 γε
644 624 769 698 ἰλπίδος
801 623 974 704 διήμαρτον
996 617 1026 686 οἰ
1046 625 1144 684 τοῦτο
1169 617 1314 684 διανοοό·

211 747 311 806 μενοι.
351 726 443 788 τοῦτο
465 724 502 786 δὲ
524 720 604 795 sarri
627 719 682 786 τόν
702 723 821 807 πόργον
841 718 898 785 τόν
917 719 1113 798 καλοίμενον
1128 714 1322 801 Σαμαρειλιι

210 817 296 887 εἰόον
314 818 429 898 πάντες
448 820 584 902 ουμβόν.
626 818 751 886 πόντων
770 820 832 905 γόιρ
854 819 1102 903 προσδοκώντων
1124 819 1169 894 οἷς
1195 815 1272 882 όταν
1293 817 1335 900 rii

213 921 305 997 πόλις
325 920 410 1006 ἁλῷ,
442 917 489 1003 μὴ
511 915 551 984 όν
578 922 691 985 τοῦτον
714 917 814 997 εόθός
845 919 1086 1003 προσδεδόσθαι1
1103 913 1125 1001 ἢ
1144 915 1205 1001 τὴν
1227 916 1312 999 ταχί-

212 1044 291 1103 στην
311 1017 366 1084 διαὶ
389 1021 528 1101 πολέμου
549 1022 733 1104 ληφθῆναι,
760 1018 841 1102 πρός
869 1016 927 1103 τὴν
951 1020 1007 1101 τῆς
1024 1013 1188 1101 θαλάττης
1213 1011 1312 1098 αότὴκ

212 1121 356 1199 κείμενον
377 1117 469 1203 ἠϊόνα
499 1119 554 1183 καί
587 1120 836 1202 διατειχίσμασι,
870 1119 926 1183 καί
947 1112 1055 1192 ὅπλοις
1075 1116 1131 1180 καί
1148 1119 1231 1182 πᾶσι
1251 1125 1312 1199 γοίς

214 1218 398 1300 α’ναγκαίοις
418 1218 524 1292 καλῶς
543 1220 824 1301 καεοοχυρονμόνον,
836 1218 1007 1299 -ταότην
1029 1209 1084 1281 urle
1098 1215 1155 1300 τὴν
1176 1218 1312 1296 ματαίαν

127 1340 128 1345 ’
214 1319 329 1382 ἐλπίδα
343 1317 442 1380 πόλαι
466 1313 555 1401 ἧμιόν
577 1318 781 1402 κεκτημένων,
804 1319 863 1382 οόκ
883 1317 985 1399 όλίγοι
1006 1314 1045 1401 δή
1058 1339 1140 1390 τινες
1163 1319 1220 1380 καί
1240 1313 1311 1396 πρός
1321 1338 1346 1378 ιι

153 1434 205 1503 348
215 1419 324 1480 τοῦτον
354 1418 553 1500 κατέδραμον
583 1419 637 1483 ε’πί
664 1420 792 1504 φυλακῇ
823 1417 889 1496 τεόνΑ
908 1418 997 1481 ἰδίων
1025 1415 1193 1497 σωμάτιον.
1234 1414 1311 1496 πλόοι

214 1515 379 1580 κάνταῦθα
407 1519 463 1599 τῆς
489 1514 616 1593 ἐλπίδος
644 1515 840 1600 διήμαρτον·
881 1514 974 1598 μόγις
994 1513 1056 1599 γόρ
1077 1517 1143 1579 τῶν
1165 1517 1312 1579 Λατίνων

214 1609 283 1679 όοοι
305 1612 495 1698 προύχοντες
517 1610 611 1699 ἦσαν,
635 1619 690 1681 καί
708 1620 888 1701 Τζεταρίιον
908 1617 1008 1699 ὀλίγοι
1025 1611 1105 1695 μετὰ
1126 1618 1193 1678 ruis
1216 1616 1310 1694 προό-

214 1714 400 1796 παρχόντιον
413 1715 459 1790 εἰς
481 1717 639 1801 φυλακήν,
656 1718 702 1791 εἰς
714 1718 826 1781 τοῦτον
844 1719 1023 1802 συνέφυγον
1036 1711 1143 1795 μόνον,
1164 1714 1221 1777 καί
1242 1709 1330 1800 τούς

175 1860 181 1875 .
215 1807 331 1887 ἅλλους
355 1811 456 1889 ου’θός
477 1812 694 1879 κεκωλόκεσαν
715 1817 771 1897 τῆς
786 1812 920 1880 εἰσόδου.
963 1813 997 1879 οἳ
1012 1811 1069 1876 καί
1086 1809 1140 1877 διὰ
1155 1815 1215 1875 τοῦ
1234 1807 1309 1874 ueri
1319 1810 1342 1875 15

215 1911 376 1977 θάλατταν
397 1916 652 1996 προβεβλημένον
668 1912 923 1995 διατειχίσματος
939 1916 1202 1999 (Τζερὲμπουλον
1223 1915 1310 1977 τοῦτο

216 2018 321 2076 καλεῖν
351 2010 466 2088 πάντες
494 2013 669 2101 εἰώθαμεν)
701 2015 747 2088 εἰς
776 2011 832 2091 τοίς
854 2013 994 2098 τριήρεις
1017 2014 1155 2092 εἰσίασι,
1177 2012 1239 2095 πρὸ
1259 2034 1310 2090 μι.

216 2113 295 2194 κροῦ
317 2103 396 2196 πρός
425 2110 520 2178 αἰτόν
546 2112 627 2195 μετοὶ
657 2106 883 2198 προειοιόντιον
913 2107 1019 2180 ἄλλων
1036 2114 1084 2194 ,ἐκ
1105 2115 1166 2178 τοῦ
1190 2113 1310 2192 λιμένος

216 2214 500 2296 καθορμισθείσας.

279 2312 332 2374 ιδ.
358 2308 423 2376 Διό
436 2312 497 2376 τοῖν
514 2308 678 2392 κλιμάκων
694 2303 751 2376 οδν
765 2308 820 2376 καί
833 2311 895 2376 τόν
911 2306 1109 2397 όρυγμότονν,
1124 2306 1171 2385 ὥς
1184 2307 1339 2397 ἕφημεν,νο

216 2411 281 2473 τοῖν
312 2412 471 2491 πολεμίων
498 2413 555 2493 τῆς
586 2409 705 2487 πόλεως
726 2408 813 2486 ἰντός
838 2412 1022 2494 γενομένων,
1042 2407 1072 2474 οἰ
1092 2412 1154 2490 μὲν
1182 2408 1238 2474 ε’πί
1259 2405 1308 2482 τός

218 2509 319 2583 οἰκίας
335 2512 522 2592 συνέτρεχον
539 2510 595 2575 καί
606 2507 679 2586 τυός
698 2508 899 2597 εἰνθροόπους,
920 2507 950 2574 οἱ
964 2513 995 2574 δ’
1006 2512 1060 2576 ἐπί
1072 2509 1133 2585 τός
1147 2508 1249 2583 πόλος
1261 2509 1309 2590 τῆς

216 2605 337 2684 πόλεως
362 2607 463 2686 αἰτάς
500 2607 752 2676 οἷναπεταννόναι
782 2607 863 2694 πρός
888 2606 922 2675 τό
952 2607 1011 2694 τὴν
1037 2607 1131 2675 πόλιν
1159 2611 1307 2676 εἰσελθεῖν

216 2875 377 2945 subreper03
407 2876 454 2928 elii
481 2878 630 2930 triremium
655 2880 700 2932 vel
729 2880 844 2932 aliarum
869 2880 1053 2934 navicularum
1078 2893 1224 2932 ascensum
1243 2876 1303 2938 sibi,

214 2947 325 2999 lrorrore
345 2963 424 3000 saevo
444 2948 556 3017 perfusi,
574 2952 773 3020 promittentes,
791 2951 826 3003 ad
842 2952 923 3004 litora
946 2967 1089 3021 proruere:
1109 2966 1231 3020 nemque
1248 2949 1304 3016 opi-

214 3020 350 3070 nabantur
380 3018 484 3071 aditum
504 3020 589 3072 luisse
615 3021 650 3072 ad
675 3039 720 3075 ess
747 3022 873 3075 hortibus
897 3023 1082 3074 interclusum.
1119 3029 1150 3073 nt
1169 3038 1212 3072 res
1230 3021 1304 3072 ulitrr

213 3099 346 3157 cesserat3
374 3099 403 3142 et
430 3091 479 3160 qui
508 3091 608 3142 similis
633 3093 868 3162 imaginabuntur,
893 3110 942 3162 spe
959 3111 1007 3144 sus
1036 3092 1127 3144 delusi
1148 3100 1221 3144 sunt.
1258 3091 1303 3140 hoc

154 3200 157 3207 ⁴
214 3160 286 3212 idem
306 3169 334 3212 et
353 3161 422 3212 circe
442 3162 536 3213 turrim
548 3161 696 3229 Semurium
712 3173 895 3235 nuncupatam
914 3165 1060 3231 contigisse
1080 3180 1177 3214 ornnes
1199 3161 1303 3231 experi-

215 3240 307 3284 mento
326 3231 574 3302 deprehenderunt.
619 3252 680 3286 nem
700 3235 908 3295 existimabunt,
936 3235 1042 3286 etiamsi
1067 3233 1133 3285 urbs
1150 3243 1303 3304 caperetur,

213 3319 268 3353 uon
288 3303 378 3353 statim
395 3319 454 3354 eum
471 3302 640 3356 deditionem
658 3306 789 3357 secturam
810 3306 855 3357 vel
877 3305 946 3358 sdeo
964 3306 1091 3357 celeriter
1111 3304 1149 3355 nb
1167 3320 1304 3374 oppugne-

213 3372 319 3424 toribns
336 3373 551 3441 opprimendum,
569 3377 598 3426 in
616 3377 676 3445 ipso
698 3378 777 3427 muris
794 3376 875 3429 litore
896 3378 993 3438 sitem,
1012 3377 1095 3428 muris
1113 3385 1144 3428 et
1161 3377 1245 3427 armis
1265 3382 1301 3424 te·

214 3452 284 3493 ctum
301 3445 514 3516 necessariisque
532 3445 595 3496 aliis
616 3448 720 3517 optime
737 3449 938 3500 communitum.
957 3447 1009 3498 hnc
1026 3464 1095 3499 suns
1114 3463 1164 3517 spe
1185 3464 1202 3496 a
1221 3444 1301 3498 mults

213 3523 336 3583 ternpore
357 3513 451 3567 lactati
478 3532 535 3568 non
553 3517 633 3585 pauci
658 3518 800 3583 inillam,
819 3526 851 3570 ut
867 3518 983 3588 propriis
1002 3517 1163 3587 corporibus
1181 3515 1302 3586 provide·

216 3593 285 3645 rent,
303 3583 427 3636 ruebant.
467 3595 655 3639 verumtamen
678 3590 707 3639 in
732 3587 785 3640 hoc
809 3606 921 3660 quoque
944 3589 1050 3657 decepti
1070 3597 1152 3639 sunt:
1174 3590 1221 3640 rix
1238 3587 1300 3637 enim

216 3674 248 3707 er
267 3656 378 3717 Latinis,
418 3655 446 3705 ui
463 3665 541 3708 erunt
556 3658 727 3723 illustriores,
746 3670 776 3712 et
794 3659 927 3711 Tretnriis
966 3661 1034 3723 auci,
1052 3675 1114 3710 cum
1133 3660 1190 3709 illis
1209 3657 1301 3728 quihus

214 3729 290 3779 illius
319 3671 443 3778 οιιελοδία
469 3735 527 3778 erat
552 3729 725 3792 concredita,
748 3731 777 3781 in
796 3678 1083 3793 illumcontllrxeruut,
1102 3730 1300 3798 intromissique

214 3799 276 3849 uliis
306 3799 447 3850 introitum
473 3796 656 3866 denegarunt,
681 3810 711 3852 et
732 3818 853 3863 murum,
884 3803 913 3853 in
936 3817 1009 3853 mare
1035 3800 1252 3871 propendentem
1269 3795 1300 3867 (el

213 3870 394 3938 Tzereropulo
413 3867 487 3937 apud
503 3886 595 3921 omnes
607 3886 707 3922 nomen
726 3872 779 3943 est)
796 3873 826 3925 in
846 3873 969 3925 triremes
986 3872 1080 3943 puulo'
1091 3881 1157 3924 aute
1174 3889 1210 3924 ex
1230 3879 1301 3942 ports

214 3957 248 3992 eo
268 3939 384 3992 deflexus
402 3957 463 3991 eum
481 3939 543 3992 eliis
560 3939 760 4009 ingrediuntur.

290 4012 328 4078 'l-
364 4011 413 4062 Per
430 4010 515 4064 scslss
526 4028 588 4080 ergo
606 4019 690 4081 atque
709 4012 850 4076 lorsmins,
868 4020 899 4063 ut
913 4011 1036 4073 diximus,
1054 4009 1149 4063 hostes
1164 4012 1195 4064 in
1216 4009 1300 4062 urben

214 4081 287 4130 iutro
306 4081 430 4145 coniecti,
450 4082 498 4134 alii
516 4083 545 4135 in
562 4081 645 4135 sedes
661 4092 691 4135 et
707 4082 832 4135 homines
851 4099 965 4144 currere,
984 4083 1032 4133 ulii
1048 4082 1083 4133 sul
1100 4092 1194 4152 portas
1214 4081 1301 4133 sirit»

216 4150 252 4202 tis
269 4151 438 4221 aperiendus,
457 4161 488 4208 ut
505 4154 624 4209 lllurntes
641 4154 722 4209 simul
742 4172 804 4210 cum
820 4162 880 4218 toto
898 4155 1019 4208 exercitu
1029 4169 1090 4207 sese
1110 4155 1141 4207 in
1163 4171 1223 4208 eam
1241 4167 1300 4205 eos·
