2752 5092
102 265 107 276 ·
148 235 150 240 ⁴
218 250 274 337 62
542 274 716 370 ononcn
746 277 990 344 iuniorem
1047 328 1056 350 .

127 426 132 434 ⁴
221 435 289 503 λοις
309 433 512 511 ουναραγεδν.
567 426 625 494 καί
643 430 678 494 ἐν
703 431 749 517 trgi
766 432 893 510 μέλλειν
914 432 1031 508 ἐξιέναι
1050 429 1105 495 τὸν
1124 434 1258 512 βασιλέα
1279 437 1335 507 ἒιι,

220 531 279 610 τῆς
298 527 435 607 πόλεως,
456 526 514 592 τάν
534 526 668 610 ἀνεψιάν
688 527 787 601 αὐτοῦ
813 530 872 614 κύρ
890 527 1039 614 Ἰωάννην
1058 529 1241 597 καταλιπών
1261 533 1316 598 tta

220 631 326 713 διοικῇ
342 626 397 692 καί
411 630 546 714 κυβερνᾷ
562 626 620 711 την
635 625 727 692 πόλιν
741 630 797 692 καί
812 627 1027 713 άνιιμάχηιαι
1039 639 1104 708 τοῖς
1117 633 1279 714 ε’ναντιλιις,
1297 632 1317 694 ὅ

219 729 257 793 δὲ
272 724 424 808 βασιλεύς
438 727 497 808 την
507 729 678 792 δέσποιναν
692 726 747 792 καί
758 727 894 812 σύζυγον
906 728 1015 810 λαβάν
1027 728 1082 794 καί
1092 730 1137 808 εἷς
1149 731 1317 796 Πελοπόν-

220 849 314 911 νησον
327 823 431 891 stedi
451 828 485 890 ἐν
508 829 550 913 τῇ
561 827 690 914 Σπάρτῃ
712 825 804 911 ἐγγύς
826 831 889 893 τοῦ·
903 828 1048 915 οἷδελφού
1069 829 1128 913 κύρ
1147 828 1346 917 Θεοδάρουό

220 929 340 1011 ταύτην
351 923 465 992 εἴασεν
482 924 500 990 δ
516 929 552 993 δὲ
566 927 726 1016 ἐν’ἱταλίρι
737 926 854 991 ὁδεύει.
870 925 999 1014 φθάσας
1012 921 1069 995 ούν
1084 927 1103 994 o‘
1118 930 1272 1011 βασιλεύς
1282 934 1318 997 ἐν

217 1023 336 1116 Ἔνετίρι
350 1026 497 1092 sonorem
517 1026 595 1112 ιιρὸς
610 1025 668 1092 σύν
688 1028 787 1092 soona
801 1026 1013 1094 Μεδιολάνυον
1026 1027 1131 1094 ἑλθάν
1150 1029 1240 1113 παρά
1261 1033 1318 1095 τού

221 1123 332 1202 decede
343 1124 422 1209 μετά
435 1130 529 1210 τιμῆς
541 1125 677 1211 μεγάλης
691 1130 748 1190 καί
759 1125 927 1209 δαψιλείας
942 1125 987 1192 ἔτι
1004 1131 1039 1193 δὲ
1051 1132 1108 1192 καί
1118 1132 1318 1213 δορυφορίας

220 1228 351 1312 ἐδέχθη,
371 1226 427 1291 καί
445 1227 560 1303 ἵππους
578 1230 633 1290 καί
649 1228 848 1311 στρατιώτας
867 1225 1004 1304 πολλούς
1026 1230 1133 1303 δούσας
1153 1231 1242 1314 αύτῷ
1264 1229 1318 1294 ἵνα

220 1325 302 1409 πρὸς
320 1325 376 1391 τὸν
408 1325 492 1412 ῥῆγα
514 1328 680 1410 Φραγιιίας
710 1324 809 1414 ἔλθῃ,
845 1325 1109 1411 ἐπαγγειλάμενος
1137 1327 1154 1391 ὅ
1178 1327 1256 1406 δούξ
1274 1331 1368 1416 spiro

221 1432 371 1511 βασιλεῖ,
393 1427 449 1491 ἐάν
470 1430 526 1490 καί
546 1424 575 1490 οἱ
595 1429 698 1510 ἕτεροι
719 1425 982 1511 δμοφρσνησασι,
1001 1430 1057 1503 καί
1076 1425 1179 1502 αδτύς
1199 1426 1216 1490 δ
1240 1426 1318 1503 δούξ

222 1529 313 1601 ἰδίας
332 1524 388 1590 καί
410 1525 601 1608 αύιομάτιος
622 1523 701 1614 ἔλθῃ
729 1529 847 1615 scirpi
873 1532 1004 1609 βασιλεῖ
1019 1529 1074 1591 καί
1093 1531 1130 1613 τῇ
1145 1522 1320 1608 Ῥωμαίων

221 1626 310 1712 α’ργῇ
329 1622 475 1714 βοηθήσῃ
503 1629 560 1690 καί
588 1624 634 1709 μὴ
661 1622 742 1713 ε’άσῃ
769 1622 1025 1691 κινδυνεύουσαν.
1079 1624 1183 1690 stedi
1205 1618 1273 1689 -οδν
1300 1624 1319 1687 δ

221 1724 374 1807 βασιλεύς
393 1723 451 1788 καί
472 1722 551 1809 πρὸς
572 1724 629 1791 τὸν
652 1725 735 1811 ῥῆγα
753 1719 909 1810 Φραγκυύν
929 1717 1024 1809 εὗρεν
1044 1725 1144 1791 αύεόν
1164 1727 1199 1790 ἐν
1219 1725 1321 1790 αἀθε·

221 1827 290 1911 seips
307 1824 470 1913 βαρυτάτῃ
499 1821 612 1907 ἔχοντα
639 1825 698 1889 καί
724 1821 784 1904 ἔξω
808 1827 932 1911 φρενῶν
957 1823 1162 1908 ὑπάρχοντα·
1213 1823 1269 1890 καί
1289 1821 1321 1890 οῖ
1335 1830 1370 1893 15

223 1924 401 2006 σύμβουλοι
433 1925 534 1989 adsoni
568 1927 627 1988 ουἰι
654 1919 744 2006 εἶχόν
775 1946 809 1987 τι
840 1917 1054 2008 ἀποκριθῆναι
1073 1922 1174 2005 μόνοι.
1225 1921 1322 2002 δμὲν

222 2021 374 2108 βασιλεύς
395 2017 557 2108 άπραιιιος
578 2025 633 2088 ε’πί
652 2021 708 2108 την
732 2020 1066 2089 Κωνσεανιινούπολιν
1088 2023 1323 2108 ἐπανίστρεψεν

223 2128 279 2189 ε’πί
296 2121 387 2200 ἔτους
410 2121 481 2214 'nos'
502 2127 718 2207 Σεπτεμβρίου
738 2120 788 2207 ιγ’.

176 2237 205 2288 15
313 2226 360 2289 16.
403 2224 451 2288 Ἐν
482 2222 585 2312 τούτῳ
616 2226 660 2311 τῷ
688 2219 789 2288 ἔτειδ
821 2220 948 2304 α’μηράς
975 2218 1209 2306 Μπαγιαζήτης
1238 2215 1321 2284 κατά

225 2326 281 2408 τῆς
301 2319 548 2407 Πελοποννήσου
580 2321 637 2386 τόν
659 2326 690 2387 Γ
689 2316 960 2386 ιακούπ-πασιάν
990 2322 1046 2384 καί
1070 2319 1124 2384 ode
1155 2320 1369 2404 Βρενάζηνπο

224 2419 344 2504 ἔστειλε
360 2418 443 2503 μετά
465 2425 601 2507 στρατοῦ
622 2421 776 2504 χιλιάδων
796 2416 1003 2504 πεντήκοντα·
1025 2420 1081 2483 καί
1101 2421 1136 2484 ε’ν
1155 2421 1198 2506 τῷ
1220 2422 1322 2504 α’πὲρ-

253 2623 319 2678 ,8.
338 2621 520 2695 δορυφορίας
538 2621 567 2673 Μ
641 2639 679 2674 ro.
696 2621 847 2692 βασιλέαΡ
910 2636 948 2671 ιι.
968 2615 1221 2706 δγιοφυννὴσωσιΡ
1280 2633 1321 2672 ιο.

295 2696 343 2744 καὶ
361 2694 398 2763 τῷ
419 2722 454 2733 -
468 2693 702 2765 κινδυνεύουσαν]
720 2690 942 2747 κινδυνεύουσαν
959 2710 1009 2756 ιην
1022 2690 1106 2746 ’πόλιν
1123 2681 1174 2755 τὴν
1193 2706 1320 2762 περιφα-

297 2764 331 2828 νῆ
348 2768 396 2815 καὶ
414 2761 524 2833 ὡραίαν
541 2768 589 2816 καὶ
607 2766 664 2821 τῶν
680 2765 790 2818 πόλεων
805 2762 1011 2832 βασιλεύουσαν
1034 2762 1204 2832 βαηθηοαιΡ
1276 2776 1320 2812 20·

293 2837 422 2904 βρενέζην
440 2837 548 2895 eseliae
564 2834 593 2885 Μ
681 2852 724 2885 οι.
741 2832 950 2911 ἐπανέρχεσθαι
970 2833 998 2885 Μ

223 3024 394 3069 versarentur
422 3026 451 3069 et
470 3026 563 3069 mutuo
593 3018 644 3070 sibi
667 3035 745 3088 opem
775 3027 803 3070 et
820 3017 922 3069 auxilio
944 3023 1125 3088 praestarent.
1145 3014 1267 3068 obiturus
1287 3033 1322 3069 ex

224 3086 291 3138 serbe
311 3088 466 3156 imperator,
484 3088 633 3140 Iohannem
659 3106 692 3141 ex
716 3091 799 3142 srutre
819 3097 946 3159 nepotem
964 3088 999 3139 od
1020 3105 1078 3139 eam
1097 3088 1203 3138 interea
1223 3104 1323 3156 regen·

224 3158 285 3208 dnm
303 3167 332 3209 et
351 3161 479 3228 impetum
498 3160 617 3212 hostium
639 3160 851 3230 propulsandum
864 3160 982 3231 reliquit.
1001 3159 1058 3228 ipse
1076 3174 1136 3208 cum
1150 3159 1323 3226 imperatrice

225 3231 339 3296 coniuge
361 3231 390 3281 in
415 3231 631 3300 Peloponnesum
658 3233 812 3302 profectus,
837 3232 948 3300 Spartae
974 3247 1031 3280 earn
1052 3228 1125 3298 opud
1143 3228 1322 3281 Theodorum

227 3300 335 3351 l'rotrem
353 3300 480 3369 deposuit
499 3312 527 3353 ct
544 3304 650 3354 ltaliam
671 3320 762 3356 sersus
784 3304 924 3371 processit.
942 3302 1057 3370 primum
1077 3300 1208 3350 Venetiae
1225 3303 1324 3366 venit3

226 3369 289 3420 inde
316 3370 350 3421 ud
370 3371 465 3423 ducem
483 3374 731 3426 Mediolanensium
746 3375 879 3443 perrexit,
895 3373 944 3442 qui
962 3389 1022 3423 euru
1045 3371 1323 3423 honorificentissime

225 3450 309 3508 utque
325 3458 421 3510 srrngno
440 3461 498 3493 cum
517 3455 604 3496 sumtu
631 3453 735 3496 etcum
755 3444 918 3495 satellitibus
938 3442 1062 3510 excepit,
1081 3441 1223 3511 eidemque
1243 3443 1326 3510 equi-

225 3519 283 3561 tum
303 3512 481 3583 peditumque
498 3533 622 3583 magnum
640 3517 797 3567 comitatum
817 3514 852 3564 ud
872 3531 960 3582 regem
972 3514 1134 3564 Francorum
1156 3511 1242 3573 dedit,
1261 3514 1325 3582 pol-

225 3581 331 3646 licitus,
363 3584 384 3634 si
412 3586 493 3636 ceteri
517 3589 717 3647 consentirent,
743 3593 829 3636 semet
859 3584 900 3635 illi
934 3593 963 3635 et
990 3583 1104 3653 imperio
1131 3585 1251 3634 Romano
1276 3600 1325 3635 sua

225 3661 323 3722 sponte
344 3655 446 3705 auxilio
465 3666 607 3708 venturum
625 3674 655 3707 ac
664 3657 806 3708 discrimen
819 3655 996 3725 depulsurum
1009 3671 1075 3706 esse.
1088 3654 1122 3704 ad
1135 3670 1224 3722 regem
1238 3654 1325 3704 Fran-

226 3741 317 3773 corum
336 3740 419 3793 qunm
437 3728 573 3790 venisset,
593 3727 685 3779 morbo
703 3727 857 3795 gravissimo
878 3743 940 3778 eum
959 3724 1159 3776 conflictantem
1179 3734 1207 3776 et
1223 3725 1326 3776 mentis

225 3795 354 3864 impotem
373 3797 487 3865 reperit;
506 3814 557 3850 nec
573 3797 712 3850 habebant
733 3798 881 3849 consiliarii
898 3798 966 3859 eius,
984 3797 1034 3847 soli
1051 3794 1125 3918 <pund
1143 3795 1186 3846 illi
1208 3810 1325 3864 respon·

226 3882 283 3915 sum
303 3865 408 3918 durent.
427 3868 520 3936 itaque
546 3885 572 3919 re
597 3870 696 3921 inlecto
725 3869 871 3938 imperator
895 3868 1002 3938 Cpolirn
1023 3884 1051 3919 re
1073 3867 1118 3930 iit,
1144 3882 1217 3918 enno
1243 3868 1323 3932 1405,

225 3939 325 3989 mensis
342 3936 508 4007 Septembris
527 3938 573 3991 die
596 3941 633 3990 13.
1291 3936 1296 3945 ’

302 4010 339 4061 ι6.
360 4009 461 4060 Eodem
474 4027 546 4061 unno
556 4011 692 4063 Boiazetes
708 4026 809 4062 omerus
821 4009 1082 4078 Giscup-pasienem
1097 4007 1279 4060 etBrenszem
1294 4006 1325 4059 in

226 4076 441 4146 Peloponnesum
454 4098 512 4132 cum
532 4083 651 4133 exercitu
669 4083 866 4150 quinquaginta
885 4081 1000 4132 millium
1013 4081 1099 4131 misit:
1117 4078 1163 4147 qui
1180 4085 1208 4130 et
1223 4078 1324 4146 inipso

228 4147 326 4202 itinere
338 4159 367 4206 et
380 4152 410 4208 in
420 4152 608 4227 Peloponneso
625 4153 718 4208 multis
730 4151 926 4218 incommodis,
939 4149 1138 4207 calamitatibus
1155 4163 1187 4202 oc
1205 4149 1325 4207 servitiis
