2844 5092
478 603 552 667 un.
585 606 640 669 m.
670 603 759 668 cun.
795 607 818 667 1.
1100 606 1186 692 209

61 755 218 827 θέοντος
238 750 339 836 ζιόνην
358 755 414 817 καί
432 763 498 829 τοῖς
518 748 626 830 ἄλλοις
644 758 913 837 παρενοχλοῦντος
925 763 1090 836 ποταμοῖς.
1114 758 1191 822 έπὲ·Κ

59 876 172 935 pass
192 855 227 917 δὲ
246 854 305 918 καί
322 876 392 916 τινα
409 845 504 916 ἄλλον
525 850 665 934 ποταμόν
681 851 764 915 πάνυ
778 857 987 931 ἐπικίνδυνον,
1008 855 1060 918 ἵνα
1081 851 1186 941 όπόχη

55 948 207 1014 αὐτόθι
234 952 280 1026 εἰς
310 951 385 1025 τούς
413 952 641 1035 Μακροβιονς,
675 951 730 1027 διό
750 977 781 1016 τι
811 955 891 1029 ζοῑον
918 952 1074 1035 α’μφίβιον
1103 960 1186 1037 μέγα

52 1049 231 1135 σφόδρα,
251 1047 271 1112 ό
290 1058 433 1112 κατοικεῖ
448 1050 481 1113 ἐν
501 1051 621 1113 ἐκείνου
635 1053 693 1116 τοῦ
711 1054 856 1131 ποταμοῦ
876 1053 920 1138 τῷ
941 1047 1047 1128 itan,
1070 1055 1186 1117 καλοδ-

19 1152 40 1209 5
50 1170 187 1224 μενον
208 1151 246 1234 τῇ
265 1151 392 1212 ἐκείνων
406 1151 557 1236 διαλέκτῳ
580 1147 853 1231 σ’δσντοτόραννον,
874 1144 941 1216 οἷον
959 1150 1015 1213 καί
1023 1152 1185 1236 ἐλέφαντα

49 1258 253 1312 καταπιεῖν
277 1243 454 1330 ὁλόκληρον,
497 1246 695 1330 εὑρίσκονται
715 1251 750 1312 δὲ
769 1249 803 1313 έν
823 1252 952 1325 ἐκείνοις
972 1258 1038 1326 τοῖς
1057 1249 1187 1336 ἐρήμοις

48 1341 198 1420 τόποις
230 1346 285 1411 καί
305 1350 396 1429 ἕτερα
421 1345 522 1409 πολλοὶ
555 1346 764 1432 φοβερώτατα
796 1349 862 1428 {aiu
885 1353 938 1412 καί
960 1352 1069 1432 θηρία,
1088 1353 1122 1427 ἐξ
1142 1343 1188 1412 ὦν

50 1463 69 1500 ε
79 1445 159 1508 ἰοί
174 1449 340 1529 δράκοντες
356 1452 496 1510 πλεῖστοι
509 1447 563 1509 καί
572 1450 714 1528 μέγιστοι
729 1447 858 1532 σφόδρα
873 1447 951 1512 niuei
969 1451 1081 1532 πηχῶν
1093 1444 1187 1531 ipto-

51 1541 246 1625 μὴκοντσ,
266 1543 300 1608 τό
322 1548 357 1610 δὲ
377 1549 512 1628 μέγεθος
529 1549 585 1608 καί
611 1545 646 1611 τό
668 1545 770 1629 πάχος
791 1546 871 1611 πολό
895 1547 950 1612 καί
968 1550 1186 1634 φρικωδέστα·

11 1662 163 1722 soron,
182 1644 324 1728 σκορπίοι
345 1647 405 1728 μὲν
426 1655 594 1728 πηχυαῖοι,
616 1644 645 1710 oi
666 1648 701 1710 δὲ
721 1644 884 1729 μύρμηκες
906 1652 1111 1728 σπιθαμιαῖον
1132 1645 1189 1711 καί

60 1744 200 1823 πλέον,
216 1747 396 1827 νυκτερίδες
416 1745 452 1808 δὲ
470 1744 512 1819 τός
528 1743 656 1827 κόρακες
667 1750 799 1830 θερινσί,
821 1754 914 1826 μυῖαι
927 1748 963 1809 δὲ
975 1745 1053 1811 δσεί
1071 1771 1186 1828 στρου-

60 1837 155 1902 θία
174 1843 211 1908 τό
234 1847 288 1908 ἐπί
307 1844 462 1926 δώματος.
514 1845 568 1909 διὰ
599 1846 694 1911 τοῦτο
728 1849 785 1909 καί
803 1848 914 1910 ε’κεῖνοι
944 1843 973 1910 οἱ
996 1842 1086 1909 τόποι
1107 1849 1187 1911 εἰσίν

65 1933 246 2027 οἷοίκητοι,
269 1943 323 2008 διὰ
347 1943 386 2007 τό
410 1943 533 2029 φοβερὰ
556 1946 656 2029 θηριά
678 1946 734 2009 καί
750 1943 961 2030 φαρμακώδη.
1004 1943 1033 2010 oi
1053 1948 1188 2032 ἐλέφαν-

69 2053 149 2110 ῗδς
178 2047 212 2107 δὲ
241 2047 308 2108 κατ’
329 2046 450 2128 ἐκείνην
475 2044 534 2126 την
553 2042 665 2126 χώραν
685 2043 750 2108 εἰσί
779 2044 815 2106 τό
838 2048 958 2127 πλῆθος
982 2041 1089 2129 σόσπερ
1115 2047 1188 2109 καθ’

27 2127 179 2214 ’ὅῆμᾶς
200 2143 228 2206 οἱ
247 2141 320 2223 βόες
341 2147 396 2206 καί
416 2144 528 2225 α’χέλαι
548 2140 727 2225 προβάτων,
757 2143 790 2208 οἳ
808 2147 864 2207 καί
883 2144 1036 2229 α’χεληδόν
1057 2142 1190 2229 παρενό·

74 2249 183 2302 μενοι
202 2243 383 2323 βόσκονται.
407 2244 582 2324 διατρίψας
607 2245 642 2306 δὲ
664 2235 754 2317 οὗτος
775 2245 809 2305 έν
830 2245 930 2330 ἐκείνη
952 2244 991 2329 τῇ
1009 2240 1099 2331 χώρη
1118 2267 1190 2305 και-

75 2334 140 2415 9'53
157 2345 221 2405 τινί
249 2344 305 2405 καί
326 2341 382 2427 την
402 2340 565 2405 διάλεκτον
595 2344 654 2406 τοῦ
672 2340 770 2406 τόπου
792 2342 911 2406 ἐκείνου
932 2346 1034 2418 καλῶς
1054 2340 1189 2422 ἔμαθεν,

74 2434 145 2494 ’‘“t'
166 2431 352 2525 ἑνεθνμηθη
384 2440 438 2504 ἵνα
471 2441 504 2505 ἐν
525 2444 566 2527 τῇ
593 2443 725 2525 πατρίδι
749 2444 917 2527 ἐπανέλθῃ,
973 2445 1031 2505 καί
1046 2463 1108 2504 τινι
1125 2443 1189 2505 τῶν

75 2520 245 2632 {monebis
275 2543 331 2623 την
363 2537 490 2624 γνοόμην
519 2540 621 2605 αδτοδ
651 2537 769 2617 εἰποόν,
798 2544 977 2621 παρέλαβεν
1008 2537 1107 2603 αὐτόν
1133 2543 1191 2602 καί

27 2638 65 2680 ²⁰
74 2642 207 2716 vraysv
227 2641 262 2703 ἐν
282 2638 367 2728 τόπερ
382 2643 448 2705 τινί
467 2638 546 2704 ἔνθα
560 2641 595 2704 έκ
608 2643 672 2703 τεόν
693 2638 812 2717 ἔξωθεν
830 2638 935 2703 ’luduin
957 2638 1073 2702 α’κοότια
1094 2635 1185 2721 έρχό·

69 2741 170 2801 μενοι
200 2739 258 2805 καί
290 2730 408 2825 φόρτον
446 2742 598 2804 ποιοῦντα
635 2735 813 2823 ἀρωμάτων
846 2731 896 2820 ἦν.
961 2737 1015 2801 κατ’
1042 2736 1142 2817 έμβός
1171 2730 1188 2796 ό

160 2911 188 2948 2.
213 2896 244 2950 δὲ
264 2914 306 2947 om
325 2897 345 2948 P
414 2899 438 2951 3.
458 2898 574 2954 ἐντῖίπῖ
593 2897 612 2949 P
694 2899 719 2951 5.
741 2894 931 2967 δδοτδραννον
947 2897 976 2947 Μ
1047 2897 1187 2967 ἐλέφαντα

160 2969 285 3022 δύναται
304 2987 361 3021 κατ.
383 2968 415 3020 Μ
524 2985 563 3020 ιο.
582 2967 676 3024 ἕνεκεν
694 2968 751 3023 τῶν
770 2968 899 3039 φοβερῶν
917 2971 1027 3037 θηρίων
1044 2974 1092 3020 καὶ
1111 2967 1185 3035 ἰοβό-

159 3041 228 3093 λων.
242 3037 295 3091 ’καὶ
315 3042 343 3092 οἱ
360 3042 379 3089 Ρ
454 3041 492 3107 14.
513 3036 544 3093 τό
565 3056 608 3088 σοι
627 3041 646 3091 P
728 3041 768 3091 οὗ.
791 3036 957 3112 ιλγελοειδιδς
974 3041 993 3090 Ρ
1050 3091 1055 3098 ,
1075 3041 1113 3093 ι6.
1134 3032 1186 3095 οὖν

160 3108 254 3171 οὕτως
273 3111 291 3164 P
370 3125 413 3163 τι.
432 3104 533 3177 ἦνκαὶ
552 3128 595 3162 om
613 3111 633 3162 P
1211 3125 1213 3136 ·

63 3244 142 3309 ¹⁰⁰¹
166 3271 210 3323 sol
228 3270 263 3323 ad
280 3279 399 3323 nostram
419 3271 554 3339 regionem
584 3271 778 3343 horeaiemque
804 3270 942 3342 procedat.
961 3285 1015 3340 qua
1034 3266 1068 3320 de
1088 3282 1118 3318 re
1134 3282 1184 3318 au-

61 3323 175 3393 3⁰⁸cit
194 3342 273 3393 Nilus
292 3342 380 3394 media
399 3352 502 3394 aestate
526 3344 696 3413 inundatque
714 3345 873 3412 Aegyptum,
892 3349 988 3412 utpote
1006 3339 1064 3391 sole
1090 3354 1186 3389 τόσσοι

60 3393 175 3500 {mgis
199 3413 338 3465 borealem
360 3413 479 3466 obeunte
506 3422 533 3466 et
563 3415 681 3466 instante
702 3414 763 3463 aliis
783 3413 946 3465 fluminibus.
970 3411 1076 3462 traiecit
1094 3416 1184 3459 sutem

60 3460 70 3494 ¹
91 3455 142 3554 ¹⁸3
165 3492 199 3536 ut
218 3484 253 3535 ad
275 3485 418 3552 longaevos
436 3486 599 3554 perveniret,
618 3485 699 3535 etiam
721 3484 804 3534 alium
819 3482 953 3552 quendam
966 3482 1086 3541 fluvium,
1104 3478 1185 3530 valde

56 3532 275 3636 fi‘fleutosnm
294 3563 407 3625 propter
424 3555 518 3625 ingens
532 3555 667 3624 quoddam
681 3554 780 3605 animal
801 3552 982 3623 amphihium‚
1002 3550 1076 3621 quud
1100 3551 1129 3601 in
1149 3566 1183 3602 eo

55 3653 65 3703 i
84 3611 204 3678 trutino
223 3627 298 3689 vivit,
315 3626 424 3677 illorum
443 3643 564 3678 sermone
584 3626 831 3691 odontotyrannum
850 3624 1025 3693 appellatum,
1046 3619 1120 3690 quod
1139 3623 1184 3673 vel

55 3674 226 3778 fft‘grum
245 3699 330 3766 possit
347 3696 522 3767 elephantum
541 3696 676 3748 devorare.
692 3696 869 3746 inveniuntur
884 3697 913 3744 iu
931 3695 986 3744 illis
1007 3693 1074 3743 locis
1091 3691 1184 3744 deser·

53 3753 104 3848 ,ι’
130 3771 284 3824 Praeterea
304 3769 374 3819 aliae
391 3769 493 3820 inultae
512 3767 664 3819 horrendae
686 3765 791 3817 bestius
813 3775 841 3816 et
860 3764 968 3826 beluae,
990 3763 1066 3815 volut
1086 3762 1183 3815 draco-

54 3821 269 3913 2⁹⁸·plurimi
289 3848 317 3891 et
334 3841 467 3906 ingentes,
490 3836 822 3907 lungitudinecubitorum
842 3836 899 3886 sere
917 3835 1098 3904 septuaginta,
1117 3834 1184 3885 alti-

70 3885 185 3962 ⁸¹¹¹¹ue
209 3919 238 3962 et
256 3910 401 3962 latitudine
419 3910 500 3978 longe
526 3909 732 3970 terribilissimi,
752 3907 906 3976 scorpiones
924 3906 1066 3968 cubitales,
1085 3906 1182 3956 furmi-

54 4003 61 4016 ·
102 3972 126 4008 ⁸
150 3983 237 4033 unius
256 3981 406 4050 spithamas
427 3990 455 4033 et
480 3982 606 4050 amplius,
626 3978 832 4048 vespertiliones
857 3994 997 4029 corvorum
1019 3976 1182 4027 aestivorum

53 4024 94 4134 [ἓ
118 4059 182 4115 ‚²¹3
200 4068 310 4103 muscae
328 4052 481 4121 passeribus
498 4069 575 4122 pares
593 4049 787 4119 magnitudine.
813 4056 978 4120 quapropter
998 4048 1080 4099 etium
1101 4044 1183 4095 habi-

55 4110 128 4206 tq*
155 4131 305 4192 noqueunt
322 4123 386 4174 illae
405 4124 537 4190 regiones,
556 4133 668 4192 propter
685 4121 756 4183 illas,
774 4118 845 4183 dieo,
864 4118 999 4171 terribiles
1019 4125 1048 4169 et
1063 4130 1184 4168 venenu-

55 4231 74 4267 ·
98 4181 118 4217 ⁸
144 4184 263 4247 bestias.
283 4193 491 4263 elephantorum
517 4203 608 4246 alitem
626 4192 728 4244 ibidem
753 4199 828 4241 tantu
846 4189 993 4242 multitudo
1012 4196 1063 4249 est,
1083 4192 1185 4255 quanta

58 4241 107 4341 51¹³
112 4256 161 4311 (Μ
181 4282 232 4316 nos
250 4264 333 4317 boum
350 4275 432 4334 etque
452 4265 550 4327 ovium,
576 4271 778 4334 pascunturque
800 4263 881 4313 etism
899 4260 1029 4329 gregatim
1047 4263 1183 4324 vagantes.

60 4301 243 4419 t15¹⁹,quum
261 4352 293 4386 en
310 4337 339 4386 in
360 4336 470 4403 regione
487 4333 658 4404 aliquamdiu
669 4340 847 4385 commoratus
870 4340 940 4383 esset
960 4332 1068 4397 iamque
1088 4326 1183 4396 pulcre

62 4379 229 4507 Q‘sscisset
248 4406 336 4473 gentis
354 4423 513 4467 sermonem,
530 4408 560 4457 in
579 4405 693 4476 patrium
714 4401 802 4454 redire
813 4403 931 4472 cupivit3
951 4414 1088 4481 quumque
1105 4411 1183 4447 men·

166 4491 241 4527 suam
259 4478 407 4530 incolarum
433 4477 514 4529 alicui
541 4477 700 4548 aperuisset,
726 4472 859 4526 deductus
878 4470 911 4522 nb
933 4484 967 4522 eo
985 4478 1025 4522 est
1043 4485 1071 4521 ui
1091 4466 1181 4521 losum

134 4568 302 4635 Ρίιταιιοιοι.
910 4580 938 4644 14
