2724 5114
160 653 215 717 na
240 610 603 718 unissimurcausi
621 647 787 716 maimo
804 647 1031 714 usurario.
1065 620 1147 735 49¹

63 800 146 889 ομός
163 806 219 868 καί
232 801 271 868 τά
291 804 487 887 πράγματα),
506 804 699 885 ἐπείσθησαν
718 802 755 866 δέ
774 801 830 864 καί
842 805 984 880 Λατῖνοι,
1003 800 1060 864 καί
1074 795 1153 885 πρός

39 982 43 990 .
64 903 267 988 παρασκευὴν
288 905 355 967 δεῖν
374 901 460 980 ἔδοξε
484 898 606 976 τοότσις
630 903 844 985 δἰεγηγέρθαι.

147 1002 182 1066 ε’.
225 1001 297 1067 Καί
316 1000 354 1085 δη
376 1006 501 1086 πρῶτον
513 1005 585 1083 μίν,
605 993 703 1082 οόπερ
717 994 851 1085 ἤρξαντο
871 997 1027 1083 πρότερον
1046 996 1151 1082 ἔργον,

65 1098 148 1183 πρὸς
169 1105 330 1167 τελείωσιν
351 1097 594 1184 σπουδαιότερον
623 1104 821 1184 διετέθησαν.
865 1096 902 1163 τό
925 1101 953 1162 δ’
974 1091 1014 1180 ἦν
1034 1097 1054 1182 ἦ
1078 1100 1154 1181 περί

36 1199 126 1278 5τάς
144 1199 289 1278 ἐπάλξεις
301 1202 406 1267 adrev
425 1202 599 1278 intullerat.
619 1196 733 1281 μικρόν
744 1198 806 1284 γάρ
820 1195 960 1280 πρόσθεν
980 1194 1033 1261 διά
1055 1223 1152 1283 φρον-

62 1301 150 1376 τίδος
169 1303 286 1384 πολλῆς
315 1296 524 1383 πεποιήκεσαν
552 1298 611 1374 τάς
640 1296 783 1377 ἐπάλξεις
804 1302 862 1364 τοῦ
880 1302 1006 1380 τείχους
1035 1293 1152 1373 παντός

64 1398 244 1485 διαφράξαι
274 1397 417 1480 σανίσιν,
441 1400 485 1475 ὥς
505 1400 543 1464 ἐκ
562 1401 691 1480 α’σπίσι,
725 1398 801 1473 τοὺς
818 1401 877 1479 μὲν
901 1393 961 1477 ἔξω
983 1400 1151 1476 πολεμίους

62 1496 288 1584 άπειργοόσαις
307 1502 366 1565 rosi
384 1501 492 1581 βέλεσι
511 1497 696 1580 τιτρώσκειν
722 1496 796 1575 τοός
817 1496 907 1562 ἔνδον
935 1499 1052 1579 δεῆσαν
1072 1518 1151 1578 προ-

61 1600 178 1679 nepae,
201 1607 265 1675 τοῖς
285 1600 315 1663 δ’
330 1599 388 1662 ’ἐπί
403 1600 466 1662 τῶν
483 1601 598 1679 τειχοόν
623 1595 804 1677 ἱσταμένοις
824 1595 944 1682 πολλήν
960 1592 1018 1680 την
1038 1586 1152 1660 άδειαν

13 1699 280 1780 ιοπαρεχοάοαις
306 1699 436 1783 είφανοῑς
463 1699 566 1773 λίθοις
594 1690 718 1761 ἄνωθεν
740 1693 871 1779 βάλλειν
899 1692 975 1770 τοός
1006 1694 1151 1770 ἐπιόντας

61 1795 119 1860 καί
137 1801 181 1883 τῷ
200 1798 410 1882 προστυχόντι
436 1795 530 1861 παντί
558 1797 778 1877 προσπελάσαι
806 1804 873 1870 τοῖς
892 1798 1013 1877 τείχεσι
1033 1798 1211 1877 pleriq-328
1245 1854 1248 1859 ,

61 1896 185 1970 θέντας.
227 1893 336 1961 ἔπειτα
358 1899 393 1961 δέ
414 1897 481 1960 deis
500 1896 681 1980 ἀριθμῆσαι
696 1893 773 1972 τοός
786 1888 907 1978 άνδρας
926 1889 1078 1981 ιρήθησαν
1096 1894 1151 1955 κατ’

60 1999 260 2073 καταμαθεῖν
279 1998 312 2060 εί
336 1994 416 2079 πρὸς
436 1993 492 2069 τάς
522 1999 581 2059 τοῦ
601 1989 676 2059 όλοο
708 1991 834 2076 τείχους
855 1991 998 2069 ἐπάλξεις
1017 1983 1151 2057 καὶτὸν

60 2096 230 2176 περίβολον
249 2093 304 2159 τόν
326 2093 407 2178 πρός
427 2088 555 2178 ἤπειρον
583 2097 758 2178 ίξαρκοῦσι.
800 2096 856 2158 καί
877 2091 918 2177 δη
940 2093 1050 2176 στῆναι
1072 2092 1151 2155 πάν-

10 2195 120 2268 ιδτιις
147 2192 205 2257 ἐπί
233 2196 295 2259 τιόν
323 2197 437 2277 τειχῶν
473 2199 549 2276 μεθ’
580 2187 624 2260 ὧν
653 2189 737 2277 εέχεν
770 2192 897 2267 ἕκαστος
929 2195 1151 2272 ἐπιτρέπουσιν

60 2287 186 2375 ὅπλων,
207 2291 251 2368 ,ὥς
271 2288 312 2357 άν
332 2296 388 2357 καί
406 2290 573 2378 μάρτυρας
593 2292 669 2369 τούς
688 2295 792 2369 ἰδίους
810 2290 928 2374 ἔχωσιν
949 2290 1150 2377 ὀφθαλμούς.

62 2383 104 2454 σά
123 2390 161 2474 δη
181 2392 342 2475 γεγονότος
360 2385 401 2476 ἦν
420 2394 500 2457 ἰδεῖν
519 2396 573 2458 ἐπί
591 2391 650 2456 δόσ
671 2391 727 2456 καί
747 2400 832 2473 τρεῖς
852 2392 995 2468 ἐπάλξεις
1016 2391 1071 2454 ἕνα
1093 2385 1149 2454 ἄν·

62 2494 127 2573 δρα
140 2489 322 2574 Ιἱστάμενον,
342 2494 398 2557 καί
418 2489 537 2557 τοότοον
557 2493 634 2566 τοάς
653 2495 779 2566 πλείους
799 2489 877 2574 μήθ’
899 2487 979 2553 όπλα
1000 2492 1150 2572 κεκτημέ-

60 2613 138 2663 νους
159 2587 452 2675 (προανάλωσεχάρ
473 2586 615 2677 ἦπενία)
635 2595 715 2674 μητε
729 2587 808 2671 πρός
828 2590 934 2672 μάχην
955 2591 1151 2672 ἐπιτηδείους

8 2685 118 2755 κακαί
136 2688 285 2769 πόλεμον·
327 2699 391 2768 τοῖς
423 2689 484 2776 γάρ
514 2692 662 2773 συνεχέσι
681 2698 788 2767 κακοῖς
807 2691 864 2753 καί
881 2693 920 2775 τῇ
938 2692 1012 2770 περί
1034 2685 1070 2751 τό
1095 2688 1151 2763 ζῗν

60 2788 181 2874 άπορίηι
210 2787 414 2875 περιῄρηνται
441 2789 498 2855 καί
515 2789 552 2854 τό
585 2790 753 2854 δύνασθαι.
802 2787 832 2854 οἱ
854 2795 993 2854 Λατῖνοι
1013 2789 1041 2851 δ’
1063 2781 1150 2868 ὅμως

60 2881 121 2951 oris
140 2884 264 2971 ἔχοντες
287 2889 525 2975 διαπράξασθαι
544 2884 680 2976 (ἄνδρας
697 2890 759 2974 γάρ
771 2886 897 2975 ἓτέρους
908 2889 1070 2971 μαχίμους
1092 2885 1149 2950 osis

132 3064 325 3126 τ.τσάτουςΑ
412 3069 438 3122 8.
457 3061 560 3128 sorice
649 3084 675 3135 9.
697 3060 800 3129 rodeli
888 3062 1015 3123 uotidet

59 3235 223 3290 clamabant.
260 3234 397 3288 credidere
415 3246 444 3288 et
465 3237 568 3305 Latini;
592 3240 733 3310 risumque
752 3247 793 3291 est
809 3240 879 3302 illis,
896 3238 1003 3291 solicite
1022 3258 1146 3293 necessa-

61 3309 103 3362 ria
122 3322 291 3379 praeparare.

133 3381 159 3430 5.
196 3378 229 3429 lit
247 3379 363 3447 primum
380 3378 509 3448 quidem,
536 3379 610 3450 quod
636 3390 716 3432 antea
734 3381 928 3433 inchoaverant
944 3398 1029 3451 opus,
1046 3399 1165 3451 propu-·

60 3449 236 3518 graculorum
257 3448 398 3501 dumtaxat
424 3467 512 3501 curam
538 3452 667 3521 perficere
690 3453 850 3504 concitatius
868 3451 1030 3503 animantur.
1065 3453 1148 3520 paulu

60 3522 135 3572 euim
153 3528 216 3571 ante
234 3536 337 3571 summo
356 3537 417 3571 cum
432 3522 524 3574 labore
543 3539 574 3572 ac
591 3521 674 3573 nimio
693 3540 775 3593 opere
792 3530 951 3574 accurrerunt
969 3531 999 3573 ut
1011 3539 1146 3576 murorum

82 3592 281 3660 repugnacula,
309 3591 429 3643 adinstar
455 3600 605 3656 scutorum,
621 3593 722 3645 tabulis
742 3593 915 3656 obserarent,
940 3609 1012 3663 quae
1030 3593 1147 3646 ailreuas

61 3610 155 3714 diuites
183 3661 349 3730 impedirent
372 3680 408 3714 ne
435 3665 539 3731 sagittis
570 3664 658 3727 cives,
687 3665 709 3716 si
733 3663 841 3734 quando
867 3681 935 3732 opus
961 3674 1031 3717 esset
1058 3666 1147 3732 capite

60 3748 206 3800 emergere,
225 3733 406 3796 vulnerarent,
425 3732 557 3785 iisautem
575 3735 622 3803 qui
640 3736 721 3786 muris
733 3735 889 3786 insisterent
907 3735 1060 3787 facultatem
1079 3735 1148 3786 ube-

61 3821 117 3855 rem
137 3803 257 3854 lacerent
273 3805 508 3872 clamesuperiori
527 3814 604 3873 parts
621 3807 691 3856 saxis
712 3807 888 3858 advenientes
902 3807 1033 3874 impetere
1052 3806 1147 3858 adino·

60 3884 161 3943 torque
181 3872 216 3923 ad
232 3890 321 3927 armos
344 3874 424 3926 obvio
452 3891 561 3945 quoque
579 3876 720 3944 repellere.
765 3875 864 3928 deinde
890 3877 1071 3930 numerandos
1089 3894 1147 3929 esse

58 3946 132 3996 viros
151 3942 316 4008 decernunt,
343 3953 375 3997 ut
396 3945 501 3998 discant
518 3964 553 3997 au
577 3946 610 3997 ad
632 3949 723 3998 omnia
745 3964 881 3999 murorum
899 3948 1098 4017 propugnacula
1119 3957 1148 3999 et

59 4016 202 4066 circuitum
220 4015 254 4065 ad
270 4015 466 4068 mediterranea
482 4026 636 4086 vergentem
655 4019 801 4084 sufficiant3
820 4028 848 4070 et
858 4020 904 4072 sic
922 4036 1016 4070 oroues
1034 4021 1062 4071 in
1084 4036 1145 4068 snu-

59 4087 106 4148 ris,
126 4087 181 4137 suis
200 4102 334 4156 quemque
349 4089 428 4139 armis
445 4090 618 4151 instructum,
638 4098 707 4141 stare
725 4091 866 4159 imperant,
884 4098 915 4141 ut
931 4089 965 4139 ad
986 4089 1014 4140 id
1033 4089 1145 4142 testibus

80 4158 178 4226 ropriis
196 4158 282 4208 acidis
301 4166 448 4211 uterentur.
479 4177 532 4228 quo
552 4159 623 4210 lacto
644 4161 860 4230 conspiciebatur
880 4161 908 4212 in
927 4159 1034 4210 duobus
1052 4169 1079 4210 et
1098 4161 1146 4210 tri-

57 4175 112 4279 bus
130 4227 339 4298 propugnaculis
366 4247 435 4280 uaris
461 4238 582 4295 tautum3
610 4247 756 4301 eorumque
777 4233 868 4302 potior
888 4247 949 4299 pars
966 4246 1056 4298 neque
1075 4246 1147 4281 arina

59 4315 170 4366 gerere,
195 4315 266 4367 spirae
291 4308 435 4367 paupertas
459 4300 660 4371 absumpserat,
684 4318 774 4373 neque
803 4306 910 4372 pugnae
936 4309 984 4351 aut
1009 4301 1146 4354 caullietui

58 4377 141 4437 apte3
158 4369 265 4420 assidua
283 4386 400 4438 namque
416 4370 486 4420 suala
504 4379 532 4422 et
551 4372 661 4423 vivendi
682 4381 787 4439 egestas
803 4373 872 4424 vires
892 4371 1002 4421 insimul
1022 4373 1147 4425 extinxe-

59 4446 129 4492 rant.
171 4441 259 4493 Latini
279 4439 465 4498 nihilominus,
486 4459 545 4492 cum
564 4445 603 4494 rei
625 4444 767 4511 providere
785 4442 864 4493 aliter
881 4460 936 4494 non
955 4452 1067 4510 possent
1086 4443 1147 4512 (ιιοὑ

59 4528 115 4581 que
135 4511 208 4564 enim
236 4512 305 4564 aiios
328 4514 400 4566 viros
420 4511 567 4565 bellatores
589 4523 698 4584 praeter
725 4514 829 4567 accolas
850 4513 924 4586 urbis
941 4513 1147 4585 possederant),
