2844 5092
455 642 457 645 ·
511 620 585 679 arn.
616 620 671 679 ιιι.
702 617 790 681 σοι.
816 621 841 679 ι.
1132 587 1215 672 οι3

128 768 186 831 τοῦ
204 762 337 851 κράτους
357 788 438 846 σου,
462 763 543 831 διότι
563 768 622 848 ε’·γω
657 761 714 829 οόιι
735 769 800 847 εἰμι
822 764 972 847 τοσαύτης
993 763 1154 849 ποιότητος
1175 763 1220 839 ὥς

121 863 149 945 ἡ
168 867 314 947 βασιλεία
332 888 391 929 σου
413 868 611 940 ε’κέλευσας.”
663 862 802 940 οἰκούσας
819 863 881 948 γάρ
903 864 963 947 ἐγώ
983 863 1031 929 ἔτι
1053 859 1101 928 ότι
1123 865 1141 948 ἡ
1164 866 1220 929 τοῦ

125 968 361 1049 προρρηθέντος
382 967 495 1049 α’μηρά
515 967 611 1047 γυνή,
642 967 661 1049 ἦ
683 968 738 1029 καί
755 969 813 1029 τοῦ
833 968 889 1048 τῆς
910 964 1046 1050 Σερβίας
1064 959 1219 1027 δεσπότου

71 1118 85 1131 ι
123 1063 284 1147 θυγάτηρ,
305 1062 387 1143 μετὰ
409 1063 465 1146 την
484 1068 541 1129 τοῦ
561 1066 671 1148 α’μηρά
691 1064 745 1129 καί
764 1062 878 1146 ἀνδρὸς
899 1066 999 1147 αὐτῆς
1018 1061 1121 1146 θανην
1139 1060 1220 1128 ἐντό-

74 1168 108 1230 5
121 1187 196 1241 ,αως
215 1167 271 1227 καί
291 1165 393 1240 καλῶς
409 1162 599 1249 ἀπεστράφη
619 1162 784 1245 πρδςτούς
798 1173 899 1246 γονεῖς
912 1157 1010 1246 αότῆς
1032 1166 1065 1228 ἐν
1083 1164 1126 1250 τῷ
1148 1162 1219 1251 ἰδάρ

122 1260 219 1351 οἰιιιηι,
253 1258 319 1327 ἔδει
343 1286 385 1342 με
412 1261 471 1345 γάρ
502 1266 715 1354 ἑναπομεϊναιὶ
736 1265 782 1339 εἰς
806 1266 1028 1347 Τραπεζοῦντα
1059 1264 1112 1327 διά
1132 1287 1221 1338 τινας

122 1362 185 1426 oris
205 1364 314 1444 ὀλίγας
335 1363 460 1443 αἰτίας,
489 1365 544 1427 κατ’
562 1360 666 1446 εόροίν
686 1388 757 1426 τινα
777 1367 836 1447 νῆα
856 1368 1036 1442 μέλλουσαν
1055 1364 1101 1437 εἰς
1123 1364 1220 1425 Κων-

121 1462 384 1525 υταντινοόιτολιν
405 1457 617 1543 ἀποπλεῦσαι,
632 1465 708 1542 μεθ’
732 1455 767 1546 ἧς
787 1461 848 1545 ε’γώ
870 1463 1038 1526 άπέστειλά
1061 1483 1148 1534 τινας
1165 1459 1219 1522 ἰπ-

123 1583 216 1642 nour,
238 1560 293 1624 καί
314 1557 372 1623 δόο
388 1557 444 1635 οὓς
466 1560 481 1623 ό
503 1564 656 1642 βασιλευς
674 1561 813 1644 Ἰβηρίας
822 1584 879 1640 μοι
899 1559 1083 1642 ἐδωρήσατο
1103 1561 1137 1623 ἐκ
1156 1562 1219 1622 ταῖν

56 1676 107 1719 ιο
126 1657 183 1723 ὑπ’
218 1654 321 1723 orituri
354 1663 693 1741 αἰχμαλωτισθέντων,
716 1656 766 1724 ὅτε
787 1658 862 1736 τοός
884 1658 1107 1743 αἰχμαλώτους
1128 1659 1221 1722 ἑοιιό·

122 1765 246 1825 λευσεν.
289 1761 344 1823 καί
363 1760 456 1842 ἕτερα
473 1760 573 1824 πολλά
594 1784 663 1824 τινα
679 1759 747 1844 εἴδη
771 1762 939 1825 α’πὲστειλα
963 1760 1220 1844 φιλοδωρηθέντα

116 1859 204 1943 ἡμῖν
222 1858 308 1943 παρά
328 1884 440 1942 τινων,
473 1859 527 1923 καί
552 1860 633 1942 πρὸς
661 1860 897 1947 τόνηαιίθέντην
916 1883 981 1941 μου
1011 1856 1221 1939 τὸνβασιλέα

117 1958 230 2023 τοιάδε
250 1957 379 2041 ἔγραψα
402 1963 476 2040 περί
496 1949 542 2024 οἷν
564 1962 609 2035 εἰς
629 1961 766 2045 Ἰβηρίαν
786 1958 907 2042 ἔπραξα
928 1960 984 2024 καί
1004 1949 1048 2023 ὧν
1065 1961 1111 2033 εἰς
1135 1962 1221 2040 Τρα-

117 2061 279 2136 πεζοῦντα
303 2056 489 2122 ὑπώπτευον
511 2060 655 2143 ποιῆσαι,
678 2058 734 2123 καί
758 2059 860 2123 πάντα
883 2057 923 2123 τά
945 2057 1113 2140 συμβάντα
1135 2058 1223 2145 αιίτηῖ

48 2152 278 2243 15ἐδηλωσα.
321 2160 377 2221 ιιαί
403 2154 480 2232 δοός
509 2157 564 2234 τάς
584 2159 711 2244 γραφάς
732 2155 781 2223 ivr·
798 2163 859 2223 τῶν
880 2156 940 2224 σίιν
961 2158 1034 2239 όμοί
1054 2155 1220 2240 ἀρχόντων

116 2255 248 2322 ἔστειλα
274 2255 399 2334 αότόν,
422 2260 478 2321 καί
497 2259 691 2342 παρήγγειλα
715 2259 801 2346 αιίτιηί
825 2261 876 2323 ἵνα
901 2256 958 2340 την
977 2262 1037 2338 μὲν
1057 2261 1136 2338 μιάν
1157 2260 1221 2322 τῶν

113 2362 256 2442 γραφῶν
282 2356 370 2443 torp
401 2358 444 2444 τῷ
464 2362 595 2438 βασιλεῖ
617 2360 652 2422 ἐν
680 2361 725 2446 rai
758 2362 975 2441 προσκυνῆσαι
1008 2356 1114 2435 αότόν,
1140 2354 1221 2441 ἔφην

118 2455 231 2545 «ritui,
262 2455 317 2521 καί
343 2455 399 2532 διά
422 2457 596 2538 στόματος,
618 2460 670 2522 ἴνα
694 2456 735 2522 τά
757 2462 832 2521 καθ’
850 2456 933 2540 ἡμᾶς
953 2457 1053 2521 πάντα
1074 2455 1220 2542 ἀναφέρῃ

120 2553 179 2618 διά
202 2555 304 2639 ζιόσης
328 2559 448 2640 φωνῆς,
471 2555 528 2641 την
549 2560 584 2622 δὲ
604 2553 715 2637 ἑτέραν
746 2554 875 2641 γραφὴν
894 2560 947 2619 ἐπί
965 2554 1023 2637 την
1044 2548 1159 2636 αόριον
1178 2556 1222 2640 τῷ

37 2656 97 2702 ²0
118 2658 253 2729 βασιλεῖ
270 2649 366 2730 αὖθις
390 2655 488 2743 διάση.
540 2652 606 2737 εἰχε
638 2659 673 2721 δὲ
698 2650 974 2739 οότωςῆγραφη.
1013 2652 1099 2735 “s‘yoi
1120 2654 1154 2716 ἰν
1176 2655 1221 2743 τῷ

606 2759 622 2773 ¹⁴

117 2754 335 2839 ιίιιοσωθηναί
351 2779 392 2835 με
423 2758 468 2832 εἰς
495 2760 718 2840 Τραπεςοῠντα
749 2754 872 2837 ἔμαθον
892 2752 931 2819 τά
951 2757 1025 2836 περὶ
1042 2753 1098 2818 τοῦ
1117 2754 1221 2817 θανά·
1255 2749 1258 2760 '

196 2991 221 3025 a.
242 2975 292 3027 τοῦ
312 2969 409 3046 ιίμηριί
428 2973 592 3047 δμουράτου
611 2977 630 3027 Ρ
710 2994 735 3042 γ.
757 2964 843 3044 εὗρόν
859 2952 879 3026 Ῥ
950 2992 975 3043 9.
997 2971 1064 3038 δύο]
1084 2969 1189 3030 παῖδας
1200 2941 1224 3022 ΡΙ

200 3062 241 3096 ιο.
260 3042 305 3099 διε
324 3050 354 3099 ἐν
371 3049 402 3120 τῇ
418 3047 494 3119 μάχη
513 3049 570 3100 ἐστι.
588 3048 608 3097 Ρ
734 3064 773 3097 ιι.
802 3047 852 3114 ἤδη
878 3046 1097 3116 φιλοιιμηδίνια
1117 3041 1183 3114 ἡμῖν
1201 3042 1221 3092 Ρ

192 3115 323 3245 ηελύοχηέςε
337 3117 361 3238 ὲ)
436 3136 475 3188 ¹9·
496 3117 526 3170 ot
548 3116 680 3188 δευτέραν
699 3118 745 3172 ἰπὶ
765 3118 783 3168 P
862 3133 905 3168 ar.
924 3119 974 3169 τοῦ
993 3117 1118 3170 ἐνταῦθα
1135 3121 1220 3184 βασι-

131 3355 343 3425 qrranr,“gratias
355 3375 404 3426 ago
426 3358 576 3426 integritati
592 3368 619 3411 et
637 3359 903 3428 eonsiliopotentiue
925 3367 998 3418 tuae,
1017 3355 1144 3426 quoniam
1163 3373 1218 3406 uon

131 3435 215 3480 tantus
233 3448 302 3491 sum,
321 3437 453 3500 quantum
475 3431 600 3481 maiestas
619 3439 666 3480 tua
687 3449 729 3481 me
749 3428 878 3500 putavit.'’
897 3445 1050 3497 acceperam
1071 3436 1218 3494 praeterea,

130 3517 239 3563 arnerae,
258 3501 334 3551 cuius
354 3508 417 3552 urite
434 3502 537 3552 mentio
557 3502 627 3552 lacta
646 3510 696 3562 est,
715 3519 835 3563 uxorem,
855 3501 984 3568 riespotae
997 3499 1105 3550 Servi-ao
1124 3497 1218 3560 filiam,

129 3580 189 3638 post
206 3572 295 3622 mariti
323 3580 435 3622 mortem
461 3572 600 3641 praeclaro
628 3581 655 3622 et
672 3572 821 3622 honorifico
843 3571 972 3622 comitatu
991 3569 1099 3618 domum
1115 3566 1148 3617 :ul
1167 3585 1217 3636 pa-

130 3652 215 3694 rentes
234 3642 354 3693 rediisse.
377 3660 461 3712 quum
480 3652 591 3712 propter
609 3642 737 3711 quasdam
764 3661 819 3694 non
844 3642 916 3692 leves
936 3657 1028 3691 causas
1046 3639 1217 3708 Trapezunte

129 3729 168 3763 me
185 3731 294 3764 manere
311 3730 421 3781 necesse
441 3721 525 3776 esset,
554 3714 665 3764 inventa
682 3714 743 3764 navi
754 3751 761 3774 ‚
785 3730 855 3782 quae
873 3711 980 3779 Cpolim
1002 3711 1106 3761 solvere
1124 3711 1218 3772 vellet,

129 3784 262 3835 transmisi
284 3800 368 3853 equos
388 3784 520 3854 quosdam
541 3793 570 3833 et
588 3801 686 3852 pueros
705 3782 759 3833 duo
787 3784 820 3833 ab
839 3782 978 3833 iberorum
998 3798 1059 3849 rege
1078 3782 1112 3832 tle
1130 3782 1219 3849 capti-

130 3854 181 3915 vis,
208 3862 277 3924 quos
304 3855 422 3916 iecerat,
443 3853 509 3904 mihi
538 3855 670 3916 donatos,
688 3855 796 3922 aliaque
823 3854 908 3905 multa
926 3869 1066 3903 munerum
1088 3869 1184 3920 gruem
1202 3868 1218 3901 α

129 3925 288 3993 quibusdam
307 3925 461 3976 liberaliter
484 3926 513 3976 in
532 3942 575 3976 me
594 3925 703 3987 collata,
728 3925 876 3994 scripsique
896 3922 930 3973 ad
949 3923 1147 3993 imperatorem,
1166 3922 1218 3971 do-

128 3996 226 4046 miuum
244 4013 342 4064 aueum,
361 4005 433 4055 trun,
453 3996 569 4067 quaein
587 3995 676 4046 iberia
702 3996 910 4062 transegissem,
930 4003 1004 4056 tom,
1023 4012 1093 4064 quae
1112 3994 1136 4043 T
1138 4009 1217 4110 rupe-

129 4076 206 4117 eunte
232 4075 431 4118 transactarum
450 4083 493 4117 me
514 4066 687 4127 confiderem,
715 4067 911 4136 certioremque
934 4082 994 4116 euru
1014 4066 1065 4116 l'rci
1084 4064 1118 4125 de
1139 4078 1165 4112 re
1188 4079 1216 4112 us

129 4137 271 4200 omnibus,
297 4154 368 4208 quae
387 4136 549 4188 acciderunt.
568 4135 632 4187 deti
651 4137 780 4205 epistolas
800 4139 848 4187 uni
865 4137 899 4187 sle
919 4136 1069 4196 nobilibus,
1090 4136 1137 4204 qui
1160 4141 1217 4182 me·

128 4222 183 4257 cum
209 4215 303 4269 eraut,
329 4225 444 4278 eumque
470 4207 559 4258 dimisi
575 4208 748 4268 cohortatus,
770 4216 799 4258 ut
817 4209 927 4258 alterum
944 4205 1100 4274 imperatori
1117 4204 1217 4264 statim,

130 4294 209 4345 quum
228 4296 290 4329 eum
309 4279 443 4338 adoraret,
463 4277 590 4340 traderet,
606 4288 781 4348 nouaretque
800 4297 888 4329 coram
909 4279 1008 4338 omnia,
1028 4292 1096 4347 quae
1116 4274 1149 4323 οιΙ
1167 4291 1218 4325 uos

130 4350 305 4412 pertinerent3
335 4349 446 4399 alteram
475 4350 562 4400 eidem
591 4349 636 4400 die
662 4349 788 4419 sequenti
816 4350 900 4400 daret.
928 4349 1024 4415 scripta
1050 4352 1140 4395 autem
1162 4352 1219 4395 erat

131 4419 241 4482 epistota
273 4419 324 4470 lroc
353 4421 486 4489 exemplo.
515 4419 632 4471 “salvus
661 4421 860 4489 Trapezuntem
890 4418 1005 4477 delatus,
1035 4433 1066 4466 ex
1086 4413 1136 4465 hoc
1156 4432 1217 4481 rege

131 4497 238 4539 mortem
257 4506 362 4540 amerae
386 4491 515 4559 cognovi,
542 4499 569 4541 et
588 4491 751 4552 amerissam,
772 4489 851 4541 buius
872 4507 886 4540 e
906 4504 997 4538 sorore
1017 4494 1136 4556 neptem,
1155 4486 1218 4556 pul-
