2782 5100
226 224 306 308 136
531 247 705 310 osunen
737 245 983 312 suasuram

219 397 372 484 Πάτρας,
394 394 612 479 εόρισκόμενοι
636 399 682 472 εἰς
702 393 757 480 την
778 399 808 461 Γ
807 398 977 479 λαρέντζαν
996 392 1182 479 ἐγράψαμεν
1203 403 1323 464 ’πολλα-

218 524 266 573 κις
286 496 365 582 πρός
381 496 457 571 τούς
477 499 530 579 τῆς
551 493 707 579 Πάτρας,
728 499 895 570 σταλέντος
915 497 983 559 ἐκεῖ
1003 499 1061 560 τοῦ
1081 496 1273 580 Πεόιάτου,
1297 496 1321 562 ἀ

217 598 392 679 συνέτυχον
429 597 497 658 tuse
523 597 662 677 λέγοντες
682 591 791 670 αὐτοῖς
818 594 873 658 καί
893 593 968 677 περὶ
987 586 1032 658 τόν
1052 592 1167 674 ἔταξαν
1187 599 1233 683 τῷ
1250 603 1322 663 Πε-

219 695 321 782 όιάτη.
365 692 394 758 οἱ
417 695 452 758 δέ
481 694 686 777 ἀντέγραψαν
715 691 797 777 πρός
824 694 907 777 ἡμᾶς
929 692 1088 769 πολλάκις.
1132 694 1213 777 πλην
1233 699 1316 779 έκρέ·

218 819 305 860 νοντο
338 798 413 878 παρ’
443 788 532 875 ἡμῶν
561 793 725 871 ἀάόνατα,
758 791 802 867 ὥς
832 796 888 856 καί
909 791 926 854 ό
950 790 1060 874 καιρός
1084 790 1191 872 ἔδειξε.
1233 798 1347 871 τέλιςὸ

196 894 395 978 λἐστήσαμεν
423 893 477 957 ἵνα
508 890 562 956 διά
597 892 710 967 νυκτός
737 895 926 974 βαδίσαντες
955 891 1138 973 εόρεθιόμεν
1160 895 1206 968 εἰς
1224 890 1318 957 τόπον

218 998 349 1078 πλησίον
378 995 440 1056 τιόν
474 991 573 1074 ὁρόων
604 994 668 1056 τάν
689 993 869 1076 Πατρηνιόν
889 992 1099 1071 ἀμπελώνων,
1124 989 1318 1072 καλούμενον

217 1097 262 1168 εἰς
283 1092 340 1168 τάς
358 1102 442 1176 τρεῖς
464 1093 644 1174 ἐκκλησίας,
669 1093 706 1157 αλ
731 1086 907 1156 παλαιόθεν
930 1083 1023 1173 ἦσαν·
1075 1091 1175 1153 ἐκεῖσε
1208 1093 1242 1154 δὲ
1263 1089 1320 1152 εό-

217 1195 340 1276 ρεθῶσι
361 1190 416 1255 καί
439 1187 470 1254 οἱ
491 1183 675 1274 άνθριυπσι,
705 1191 759 1253 καὶ
780 1186 947 1273 δηλώσωσι
970 1185 1183 1264 πλατύνοντες
1201 1186 1240 1253 τά
1263 1186 1318 1252 tut

217 1295 366 1376 γραφῆς,
399 1292 455 1353 καί
483 1291 514 1353 εἰ
538 1293 598 1369 μὲν
630 1283 712 1373 ἦσαν
740 1285 883 1369 δυνατά,
912 1291 1126 1372 ένεργηθτόσι,
1153 1289 1184 1353 εἰ
1211 1291 1238 1352 δ’
1261 1281 1370 1367 σό,το

219 1392 410 1472 (ἐπέλθωμεν
434 1392 582 1476 φανεραῖς
603 1392 788 1453 ἀποκλεῖσαι
811 1387 846 1453 τό
868 1389 1015 1471 κάστρον,
1037 1387 1092 1451 καί
1109 1387 1152 1464 σός
1173 1391 1256 1475 φέρῃ
1280 1386 1318 1452 τό

219 1496 327 1578 φέρον.
368 1491 424 1552 καί
443 1489 514 1554 ῖόοό
538 1489 725 1572 ἐγράψαμεν
747 1486 973 1572 προστάγματα
995 1486 1074 1570 πρός
1105 1484 1224 1562 πάντας
1243 1484 1321 1560 τοός

187 1662 194 1676 ,
219 1593 254 1654 έν
274 1593 313 1675 τῇ
326 1590 462 1673 περιοχῇ
481 1589 537 1669 τῆς
554 1582 689 1670 Ἰθώμης
710 1587 765 1651 καί
781 1584 975 1670 Ἀνόροόσης
988 1589 1022 1651 έν
1035 1589 1080 1674 τῷ
1100 1585 1322 1672 Μεσσηνιακῷ

218 1687 323 1776 κόλπῳ
348 1691 402 1751 κατ’
420 1689 482 1751 τεόν
506 1683 569 1750 ἔσω
591 1685 646 1749 καί
660 1683 720 1765 ἔξω
743 1688 856 1768 ζυγιόν,
881 1685 932 1750 ἵνα
955 1689 993 1773 τῇ
1012 1684 1121 1774 πρώτη
1143 1689 1198 1749 τοῦ
1216 1688 1322 1767 Μαρ-

217 1787 288 1851 τόου
316 1784 414 1869 μηνός
441 1787 498 1849 iusi
527 1785 629 1848 αὐτοῦ
661 1783 753 1860 ἔτους
783 1782 902 1849 ἔλθωσι
934 1782 1016 1864 μετά
1050 1781 1155 1849 ὅπλων
1182 1786 1238 1846 καὶ
1256 1785 1370 1852 snivai

220 1883 373 1949 πλειόνων
396 1880 575 1969 ἀνθρώπων
596 1886 652 1968 τῆς
676 1884 779 1968 ἀρχῆς
800 1880 870 1956 ἑνός
891 1879 1025 1948 ἑκάστου
1046 1883 1165 1963 αότοόν,
1187 1880 1243 1945 καί
1263 1878 1321 1945 σό-

127 2027 131 2035 ·
219 2008 283 2059 τως
304 1986 457 2059 τακτικοῖς
480 1986 616 2048 διελθεῖν
637 1981 692 2047 τόν
711 1980 808 2048 τόπον
822 1987 879 2047 τοῦ
899 1986 1078 2069 πριγκόπου,
1100 1981 1155 2046 καί
1175 1984 1323 2065 dep-‘iuius

219 2086 276 2147 καί
295 2081 562 2167 συναπαντήσωσι
594 2081 648 2148 τόν
675 2081 745 2147 νέον
775 2083 934 2167 αόθέντην
961 2078 1183 2164 εἰσερχόμενον
1211 2085 1247 2146 έν
1276 2085 1324 2170 τῷ

220 2185 438 2269 Μεσσηνιακῷ
460 2181 563 2270 κόλπῳ
584 2186 640 2246 καί
654 2185 767 2265 ζυγοῖς.
812 2177 927 2261 ὁμοίως
947 2181 1091 2267 ἐμηνύθη
1112 2184 1168 2244 καί
1186 2184 1231 2267 τῷ
1245 2188 1324 2248 Λα·

220 2281 332 2367 σκάρει
351 2282 480 2369 Ἀλεξέην
505 2286 549 2370 τῷ
571 2284 604 2345 ἑκ
619 2284 803 2366 Βοστότζης.
826 2278 971 2355 έλθόντες
992 2274 1049 2344 οὖν
1071 2278 1260 2365 έκινήθημεν
1281 2283 1370 2347 asino

222 2380 275 2445 διά
297 2383 353 2465 τῆς
375 2374 530 2464 diluistis
551 2379 631 2465 πρός
651 2379 706 2466 την
722 2373 859 2462 Ἄσσον,
895 2377 975 2444 ἀλλά
999 2376 1053 2443 διά
1072 2382 1128 2463 τῆς
1146 2381 1179 2456 έξ
1200 2376 1324 2445 εὐωνό-

299 2575 321 2608 ι.
340 2554 540 2628 εὑρισκόμενος
556 2559 575 2610 Ρ
602 2598 608 2608 ,
676 2574 701 2608 a.
717 2549 792 2627 πρός
810 2551 861 2617 οὓς
879 2560 1031 2627 συνέτυχον
1046 2558 1084 2627 τῷ
1100 2556 1234 2630 Παόιάτη
1243 2596 1252 2621 ,
1272 2562 1324 2613 καῖ

296 2624 480 2698 ἀντέγραψαν
496 2628 542 2699 Μ1
602 2633 776 2700 peraretur
796 2626 965 2701 ἀμπέλωνΡ
1057 2646 1094 2679 ιο.
1113 2623 1147 2693 ἦν
1165 2628 1324 2683 όννατόνΡ

301 2714 340 2749 τι.
356 2701 405 2752 καλ
423 2696 633 2769 ἀποκλεῖσωμεν
653 2700 672 2751 P
742 2715 784 2751 αι.
802 2704 848 2765 τῆς
863 2703 930 2770 περὶ
947 2694 1038 2770 (παρά
1048 2699 1072 2770 ?)
1091 2693 1140 2754 τόν
1160 2691 1284 2770 ἀλφειόν
1302 2703 1322 2752 i'

224 2851 352 2909 bassaris,
371 2851 444 2902 inter
458 2867 582 2920 proceres
594 2851 669 2903 illius
687 2850 782 2904 domus
800 2852 936 2922 princeps,
956 2852 990 2904 ad
1010 2850 1213 2920 gubernandam
1230 2854 1322 2906 Busti-

225 2929 293 2972 tzam
306 2922 414 2972 relictus
426 2931 468 2973 est
485 2922 580 2992 ibique
597 2924 733 2975 remansit.
755 2925 784 2973 in
794 2924 864 2975 viam
875 2924 956 2990 igitur
970 2939 999 2974 se
1010 2923 1097 2984 dedit,
1112 2931 1142 2974 ut
1153 2923 1321 2992 significari,

225 2993 419 3044 Constantinus
437 2992 559 3061 despota,
578 2991 702 3044 dominus
721 3011 806 3056 meus,
826 3011 930 3044 mecum
944 2994 1003 3044 solo
1020 2995 1050 3044 in
1065 3010 1092 3043 re
1103 2992 1223 3045 Patrensi
1240 2995 1322 3046 adiu-

224 3071 284 3114 tore
296 3079 302 3127 ;
317 3079 457 3133 quumque
468 3064 630 3115 Glarentzae
641 3080 766 3126 essemus,
776 3064 888 3115 Pediate
902 3066 1000 3116 nuntio
1012 3065 1061 3128 usi,
1071 3080 1152 3133 saepe
1164 3066 1322 3133 scripsimus

223 3133 257 3184 ad
269 3136 408 3186 Patrenses
427 3134 461 3185 de
481 3135 524 3197 iis,
546 3151 616 3204 qsrae
629 3152 689 3186 eum
704 3134 816 3186 Pediate
829 3144 940 3204 egerant
956 3136 1220 3205 constitueruntque,
1235 3143 1322 3204 atque

224 3204 266 3254 iiii
290 3221 371 3274 saepe
394 3205 473 3256 nobis
504 3207 711 3274 rescripserunt:
744 3222 814 3275 quae
841 3215 933 3257 tumen
960 3205 1146 3256 iudicabamus
1176 3205 1235 3256 iieri
1264 3222 1323 3257 non

224 3291 322 3342 posse:
352 3276 381 3327 id
409 3280 483 3345 quod
506 3284 612 3345 tempus
636 3276 768 3346 probavit.
787 3278 896 3329 tandem
925 3278 1131 3338 constituimus,
1157 3283 1189 3327 ut
1206 3284 1322 3328 noctur-

223 3361 260 3394 no
281 3345 379 3396 itinere
397 3347 426 3396 in
443 3347 531 3397 locum
547 3347 647 3398 finibus
666 3348 832 3399 Patrensium
855 3348 1150 3399 vinetorum-*vicinum
1178 3364 1228 3398 nos
1255 3364 1323 3399 con·

225 3414 372 3477 ferremus,
389 3433 403 3466 a
422 3416 509 3468 tribus
529 3418 650 3468 ecclesiis
667 3428 860 3487 nuncupatum,
882 3435 951 3488 (puae
971 3435 1003 3468 es
1019 3418 1100 3484 iongo
1112 3416 1177 3468 inde
1196 3425 1322 3487 tempore

225 3485 263 3535 ibi
282 3495 374 3537 erant:
391 3486 487 3538 eodem
506 3487 548 3539 ilii
572 3505 601 3540 se
622 3490 790 3552 conferrent,
810 3498 838 3541 et
856 3506 925 3558 quae
944 3489 1123 3556 scripsissent,
1141 3487 1252 3557 plenius
1273 3506 1324 3541 co·

224 3573 280 3607 ram
299 3567 484 3624 exponerent;
514 3566 595 3627 atque
613 3576 645 3609 ea
672 3560 695 3610 si
715 3558 826 3628 quidem
850 3567 940 3610 essent
966 3559 1113 3622 eiusmodi,
1133 3567 1163 3610 ut
1180 3560 1240 3610 fieri
1257 3577 1324 3629 pos·

224 3634 298 3689 sent,
318 3628 491 3686 fierenttsin
506 3629 612 3693 minus,
637 3637 731 3698 aperte
750 3630 783 3680 ad
803 3631 899 3698 oppidi
924 3629 1096 3681 obsidionem
1115 3629 1326 3698 aggrederemur

225 3707 253 3750 et
271 3698 488 3767 permitteremus
515 3716 569 3749 rem
593 3710 712 3751 nostram
737 3700 868 3752 furtunae.
899 3701 964 3750 item
993 3699 1027 3750 ad
1046 3716 1138 3751 onmes
1157 3702 1186 3751 in
1205 3702 1324 3751 circuitu

223 3767 343 3819 itbomes
360 3777 389 3819 et
397 3767 545 3833 Andrusse,
564 3768 598 3833 ad
614 3771 702 3821 sinum
713 3770 906 3821 Messeniacum
925 3780 952 3821 et
971 3772 1041 3823 intra
1058 3770 1102 3821 vel
1115 3780 1190 3822 extra
1206 3779 1325 3827 tractum

223 3838 301 3890 ilium
314 3838 477 3901 habitantes,
491 3842 653 3908 scripsimus,
665 3849 695 3891 ut
707 3841 826 3892 calendis
836 3842 941 3893 Martiis
951 3841 1073 3892 eiusdem
1085 3842 1150 3892 anni
1161 3859 1222 3892 cum
1233 3843 1323 3905 armis,

224 3927 359 3980 manuque
373 3910 485 3961 militari
502 3927 559 3961 non
577 3912 671 3979 exigua
688 3911 800 3963 ditionis
826 3929 890 3963 suae
921 3908 1040 3981 quilibet
1065 3911 1210 3975 adessent,
1234 3922 1263 3964 et
1283 3914 1322 3965 ita

224 3980 348 4032 instructi
380 3981 447 4033 fines
476 3981 606 4050 principis
635 3983 798 4047 transirent,
824 3992 1052 4052 occurrerentque
1083 3999 1155 4034 novo
1183 3983 1321 4052 principi,

224 4066 316 4102 versus
335 4054 422 4103 sinum
443 4053 639 4103 Messeniacum
668 4062 695 4104 et
717 4053 794 4104 ilium
827 4061 941 4104 tractum
971 4052 1139 4122 procedenti.
1175 4052 1248 4105 idem
1266 4054 1321 4104 Bo·

224 4121 328 4173 stitzam
350 4125 445 4177 Alexio
468 4124 571 4177 buscari
592 4125 746 4181 nssntiatum
760 4135 807 4177 est
844 4141 893 4176 nos
911 4126 978 4177 viam
990 4142 1052 4178 non
1067 4141 1134 4188 enm,
1154 4140 1227 4195 quae
1246 4134 1321 4180 trans
