2844 5092
265 225 345 314 186
571 249 746 317 onouou
776 247 1017 316 ruusumun

258 402 412 470 δύνανται
429 406 539 490 γραφῇ
561 404 759 488 παραδοῦναι
782 399 840 485 τόν
860 399 1012 486 κολλοννζν
1032 401 1087 467 καί
1104 402 1160 489 την
1183 409 1276 472 θόσιν
1293 411 1349 473 καί

256 504 566 586 suentepulcum
603 501 659 568 καί
676 506 833 585 γυναικοῖν
857 498 915 584 την
935 497 1080 583 σόνεσιν,
1101 502 1135 569 τό
1158 511 1348 592 παμπληθὲς

256 605 314 668 τοό
335 606 424 685 λαοῦ,
446 596 589 668 ἑσταότων
611 599 738 666 πόντων
760 599 815 665 καί
840 599 1017 684 χαιρόντων
1037 598 1117 681 όμοό
1137 607 1191 670 καί
1208 605 1347 692 εόφραι-

257 703 396 782 νομένων
425 701 480 765 ἑτιί
504 697 671 789 τῇείσόδιρ
703 702 759 765 τοῦ
780 703 953 783 βασιλέως·
996 703 1103 785 ἐξέστη
1126 703 1185 786 γὰρ
1209 706 1228 788 ἦ
1253 703 1344 789 ψυχή

258 798 384 866 πάντων
400 801 583 884 βλεπόντων
606 798 664 884 την
686 796 835 885 τοιαύτην
856 803 1045 883 παρρησίαν,
1070 798 1149 866 edors
1169 805 1271 885 λέγειν
1295 805 1373 870 καίό

260 898 379 975 adrosis
400 905 433 965 ἑν
454 897 650 966 ἑκστόσεκό
669 897 805 983 ου’ρανός
825 896 968 983 σήμερον,
988 899 1005 984 ἡ
1026 904 1066 983 γῆ
1085 906 1139 966 καί
1160 901 1178 985 ἦ
1199 901 1347 967 θάλασσα

256 1000 391 1084 pipern?
434 1002 526 1084 δῆλον
548 994 653 1081 ὥσπερ
674 996 714 1063 τό
741 1000 775 1064 ἐν
795 1002 839 1087 τῷ
862 993 986 1087 οόρανηῖ
1007 1004 1158 1081 κτίσματα
1178 999 1234 1065 καί
1253 998 1346 1084 ποιη.

256 1125 343 1182 ματα
364 1103 422 1165 τοῦ
443 1103 524 1163 θεοῦ
544 1099 580 1164 ον’
611 1097 745 1164 δόναταί
761 1123 805 1174 τις
826 1092 932 1162 αότοόν
952 1105 1157 1180 καταλαβεῖν,
1181 1099 1263 1164 dut&
1286 1099 1346 1181 μό-

256 1223 308 1264 νον
330 1198 550 1282 ἐκιιληττεται,
585 1195 670 1262 οότω
696 1201 751 1263 καί
779 1196 819 1261 τό
841 1201 898 1281 τῆς
929 1197 1049 1282 ἡμέρας
1077 1199 1194 1282 ἐκείνης
1214 1200 1349 1284 ἐκπλήτ-

255 1322 346 1364 τοντο
375 1298 524 1381 θεάματα
545 1301 725 1381 βλίττοντες·
776 1297 856 1362 α’λλὰ
881 1296 977 1381 πολλῆ
1006 1297 1123 1377 μειαξό
1145 1304 1208 1363 τῶν
1231 1295 1395 1382 ἓτέρωνισ

256 1396 409 1485 διαφορά.
466 1394 541 1463 όταν
568 1391 625 1464 οὖν
644 1391 744 1483 η’λθον
765 1398 809 1472 είς
838 1395 894 1481 την
912 1396 1049 1480 μεγάλην
1066 1401 1209 1482 γέφυραν
1225 1401 1348 1482 ἐκείνην

256 1497 297 1581 ἣν
314 1500 368 1562 καί
383 1493 530 1565 Ῥεόλτον
549 1501 710 1579 καλοῦσιν,
733 1501 788 1561 καί
805 1491 887 1583 ᾗραν
899 1494 999 1581 αὐτην
1013 1491 1094 1577 όνω,
1116 1487 1175 1582 rip’
1196 1491 1234 1580 ἧς
1255 1500 1348 1582 διέβη

255 1596 444 1682 ἦτριηρης·
464 1589 502 1683 ἦν
523 1600 559 1662 δὲ
582 1597 706 1662 κάκεῖσε
721 1600 842 1681 πλῆθος
862 1597 941 1660 λαοῦ
962 1597 1018 1661 καί
1036 1606 1150 1679 σημεῖα
1171 1600 1350 1682 χρυσοειδῆ

256 1698 312 1760 καί
338 1696 506 1781 οόλιιιγμες
532 1695 587 1761 καί
606 1696 711 1782 κρότοι
736 1698 793 1760 καί
817 1686 996 1779 ἀλαλαγμοί
1025 1695 1078 1759 καί
1104 1695 1212 1772 δαλοῖς
1247 1699 1350 1761 εἰπεῖν

256 1797 320 1860 πᾶν
340 1791 423 1872 εἶδος
443 1800 583 1874 ἐξαισίου
603 1795 771 1877 θεάματος.
813 1793 862 1861 ε”τι
883 1793 956 1870 τούς
977 1780 1125 1870 ἐπαίνους
1144 1795 1199 1858 καί
1218 1794 1277 1879 τὴν
1299 1819 1348 1859 τι·
1362 1804 1398 1868 ς5

254 1890 320 1976 μην
341 1891 378 1979 ἢν
402 1891 524 1972 ἔδειξαν
552 1890 632 1981 τιρός
653 1894 708 1961 τόν
727 1899 877 1976 βασιλέα,
909 1895 957 1971 τίς
979 1890 1177 1978 διηγήσεταις
1201 1895 1350 1977 διῆλθον

256 1985 322 2074 οὖν,
343 1992 566 2077 ὦς’τιροεῖπον,
588 1998 622 2058 ἐν
640 2003 705 2069 τοῖς
728 1992 823 2069 οἴκοις
843 1997 902 2059 τοῦ
920 1993 1107 2077 μαρκίοονος.
1150 1995 1249 2058 ἐκεῖσε
1269 2000 1350 2077 γοῦν

255 2092 392 2178 ἔστησαν
409 2092 467 2177 την
486 2095 626 2178 τριηρην.
684 2087 724 2180 ἢν
746 2097 780 2160 δὲ
805 2087 872 2179 όόρα
901 2090 1023 2168 δόσεως
1044 2092 1149 2177 η’λίοο·
1193 2095 1349 2157 καιίιίιο-

252 2191 442 2279 χαιρετίσας
467 2191 483 2257 ό
507 2193 581 2272 δοόξ
602 2198 658 2260 καί
682 2193 712 2259 οἱ
733 2187 884 2278 όρχοντες
907 2193 1052 2278 ιῖττῆλθον
1075 2189 1194 2257 οἴκαδε.

339 2295 387 2357 15.
431 2296 653 2378 Φεβρουαρίου
683 2284 740 2358 οόν
761 2295 799 2380 τῇ
829 2295 954 2380 εἰκοστῇ
974 2292 1070 2379 ὀγδόη
1087 2290 1271 2368 ,ἐξελθόντες
1292 2295 1398 2376 ricae

227 2390 387 2476 ΒἙνετίας
408 2387 475 2457 ότι
495 2392 648 2474 βασιλεός
670 2392 725 2457 καί
745 2392 762 2456 ό
785 2394 937 2477 δεσπότης
957 2397 1013 2456 καί
1034 2395 1096 2469 κός
1118 2391 1135 2455 ό
1159 2395 1271 2476 κλῆρος
1293 2393 1351 2458 καί

326 2589 351 2640 7.
369 2571 525 2640 γεγόνασιν
541 2570 610 2627 tvl>
696 2571 735 2622 13.
756 2578 874 2641 σημαῖαι
888 2568 1099 2654 χρυσοειδεῖςΡ
1192 2584 1231 2635 ιη.
1249 2574 1350 2639 aspost-

325 2642 457 2712 κομενΡ
547 2656 591 2692 ao.
623 2638 663 2713 15]
683 2642 815 2710 περίοδος
841 2638 1092 2702 ἄηοἙνετίαςείς
1113 2639 1277 2712 Φερράριιν.
1297 2642 1349 2692 ΜΡ

256 2801 328 2847 mas,
350 2801 467 2855 purpura
490 2792 518 2836 et
542 2800 606 2835 auro
634 2784 835 2846 ornatissimas,
871 2783 1007 2853 elegantes
1042 2791 1069 2836 et
1094 2782 1263 2853 elegantibus
1289 2784 1351 2837 ele-

257 2856 401 2925 gantiores.
422 2855 470 2925 qui
489 2855 572 2906 oculis
597 2872 651 2906 uon
670 2856 721 2924 ipsi
749 2854 882 2917 viderunt,
908 2873 964 2907 non
985 2854 1114 2918 credent,
1133 2855 1179 2924 qui
1203 2854 1352 2920 viderunt,

258 2925 399 2979 scribendo
422 2927 550 2996 consequi
571 2935 713 2994 nequeunt
737 2926 967 2996 pulchritudinem
990 2927 1065 2976 illam
1092 2934 1120 2978 et
1138 2926 1255 2993 speciem
1272 2926 1351 2978 viro-

257 3016 315 3050 rum
334 3015 365 3049 nc
382 2996 525 3049 mulierum
545 2995 725 3066 prudentiam,
741 2997 879 3049 bominum
898 2997 1086 3066 frequentiam,
1104 2997 1152 3066 qui
1169 2996 1234 3047 laeti
1253 3013 1352 3048 ornnes

256 3068 459 3139 gaudentesque
478 3077 507 3120 et
526 3068 692 3120 exsrrltantes
710 3085 791 3138 super
804 3069 921 3120 adventu
938 3066 1107 3138 imperatoris
1124 3065 1279 3118 adstabant
1298 3067 1352 3119 ob·

256 3140 440 3210 stupefiebnnt
456 3140 528 3190 euim
550 3140 632 3190 animi
654 3141 784 3203 omnium,
810 3141 856 3210 qui
878 3138 1009 3192 videbant
1030 3155 1127 3190 novam
1147 3136 1216 3188 hano
1232 3155 1299 3201 rem,
1318 3147 1352 3190 ut

257 3212 338 3263 otiam
350 3213 497 3263 clamarent
507 3209 836 3279 obstupefacti:“coelum
848 3210 940 3273 hodie,
956 3219 1027 3262 terra
1038 3218 1067 3262 et
1078 3225 1151 3259 mure
1166 3208 1237 3260 l'acta
1251 3207 1350 3261 sunt?

256 3281 332 3334 undo
350 3290 478 3351 apparet,
499 3280 726 3350 quemadmodum
744 3299 813 3352 qune
833 3283 862 3333 in
879 3282 957 3333 coelo
976 3280 1061 3331 adeo
1081 3278 1190 3330 condita
1210 3287 1239 3329 et
1257 3288 1350 3331 creata

257 3361 336 3413 sunt,
354 3369 433 3404 nemo
453 3361 543 3421 potest
557 3361 648 3405 mente
666 3353 904 3423 comprehendere,
922 3350 970 3404 sed
992 3367 1023 3402 ea
1041 3358 1133 3420 stupet
1150 3350 1351 3414 tautummodo,

258 3421 297 3474 sic
325 3423 399 3474 illius
424 3421 478 3474 diei
498 3424 651 3493 spectacula
678 3426 724 3494 qui
745 3426 923 3486 intuerentur,
948 3421 1093 3491 stupuisse.
1114 3437 1270 3489 quanquam
1288 3439 1353 3472 nra-

258 3510 339 3560 gnum
358 3494 428 3545 inter
445 3501 573 3565 utrosque
591 3511 632 3546 res
650 3494 796 3548 discrimen
805 3503 855 3549 ests
871 3511 955 3564 quum
971 3493 1055 3560 igitur
1072 3491 1106 3542 ad
1122 3508 1247 3560 magnum
1267 3493 1349 3544 illum

256 3572 369 3634 pontem
386 3564 541 3628 venissent,
560 3582 638 3634 quem
659 3567 781 3618 Realtum
795 3575 901 3629 vocant,
918 3563 1027 3616 sublato
1047 3579 1093 3625 eo,
1112 3563 1228 3614 triremis
1247 3564 1351 3614 transi·

257 3644 316 3687 tum
336 3635 411 3687 fecit.
440 3633 478 3684 ibi
496 3651 606 3705 quoque
631 3653 726 3705 magua
754 3637 895 3690 hominum
916 3632 1064 3686 multitudo
1084 3642 1142 3684 erat
1158 3650 1217 3685 cum
1237 3634 1350 3686 vexillis

257 3707 359 3759 ourntis
376 3704 449 3758 tubis
471 3720 520 3768 ue,
538 3706 632 3772 ingens
650 3708 778 3777 strepitus
808 3707 997 3778 plaudentium
1016 3713 1044 3757 et
1060 3700 1215 3766 orantium!
1226 3703 1350 3775 deniqne

258 3795 353 3841 omne,
373 3784 404 3827 ut
423 3721 509 3828 tribus
526 3777 615 3827 verbis
631 3776 734 3841 dicam,
753 3780 865 3847 insignis
885 3776 1032 3848 spectaculi
1054 3791 1147 3843 genus.
1165 3776 1237 3844 ipsas
1255 3784 1348 3827 nutem

257 3849 352 3901 laudes
372 3856 400 3900 et
421 3847 553 3910 honores,
579 3847 677 3916 quibus
696 3850 886 3918 imperatorem
910 3854 1082 3917 exceperunt,
1099 3849 1160 3914 quis
1180 3846 1350 3914 explicabit?

259 3918 433 3971 deverterunt
457 3917 555 3986 igitur,
583 3927 613 3970 ut
640 3936 720 3987 supra
752 3922 865 3983 narravi,
894 3921 924 3970 in
949 3917 1029 3970 aedes
1058 3916 1232 3977 marchionis,
1253 3916 1349 3986 ibique

258 3993 394 4043 triremem
418 3989 554 4041 stiterunt.
574 3988 627 4040 fuit
643 4000 733 4041 arrtem
760 3993 829 4043 circo
846 4007 969 4042 occasum
994 3988 1068 4040 solis.
1088 3986 1143 4039 dux
1160 3995 1190 4038 et
1207 3987 1349 4056 primores,

260 4062 376 4114 salutato
395 4061 572 4128 imperatore,
591 4060 698 4111 domum
722 4061 855 4114 abierunt.

331 4136 369 4186 15.
408 4131 547 4184 Februarii
565 4130 610 4183 die
627 4133 753 4186 vicesimo
774 4127 867 4186 octavo
891 4133 990 4202 egressi
1011 4129 1135 4185 venetiis
1154 4129 1302 4199 imperator
1318 4135 1346 4180 et
