2746 5084
217 229 304 344 398
537 251 715 318 neuneu
743 249 988 321 ennium

215 411 251 474 ἐν
269 405 418 494 θαλάσση
440 406 485 480 εἷς
505 399 610 469 πιόντα
632 401 755 486 α’γαθοί
772 403 835 466 εἰσι
862 404 917 466 καί
936 395 1210 484 ἐπιτηδειότατοι,
1229 399 1265 467 ἐν
1281 404 1318 488 τῇ

215 504 366 592 θαλάσσῃ
387 509 448 588 μέν
468 499 670 569 όκανόπλσιοί
684 525 720 566 τε
736 501 799 566 καί
811 501 1064 587 δαλατισυργοί,
1083 501 1140 565 καί
1159 504 1238 587 νῆας
1263 503 1316 582 ἐμ-

215 605 351 687 πορικὰς
369 606 518 681 πλείστας
538 600 674 685 ἔχοντες,
699 603 756 666 καί
768 604 959 686 κυβερνῆται
971 603 1029 665 καί
1047 599 1222 685 ναύκληροι
1247 592 1317 686 ύρι·

215 729 286 771 στσι
305 708 346 769 ού
363 701 459 787 μόνον
479 706 515 769 ἐν
530 711 600 780 ταῖς
612 706 726 767 ναυσίν
751 701 866 782 circis,
886 697 969 764 α’λλύ
983 703 1039 766 καί
1055 699 1111 765 ἐπὶ
1128 702 1188 765 τόν
1206 699 1316 767 στόλοι

206 802 269 871 ’τόν
290 801 458 888 βασιλικόν
478 805 670 887 κυβερνῆται
690 801 749 864 ούκ
771 800 874 882 σ’λίγοι
895 803 928 878 ἐξ
950 802 1061 866 αύτσόν
1080 799 1183 866 εἰσίν·
1225 804 1262 867 ἐν
1282 804 1339 869 δέό

215 906 257 994 τῇ
274 908 381 992 χέρσῳ
414 901 531 984 δμοίως
552 903 588 966 ἐν
619 905 665 989 τῷ
685 899 831 965 ἱππεύειν
856 901 913 964 καί
931 899 1102 980 ἀκοντίζειν
1122 906 1317 986 στρατιῶται

214 1007 420 1090 ύγαθσότατσι
439 1002 495 1067 καί
521 1002 614 1080 πεζοί
641 995 868 1087 ἀνδρικώτατοι
891 1002 946 1064 καί
967 1000 1185 1082 δοκιμώτατοι.
1231 1000 1317 1067 οἶδὲ

215 1099 370 1189 ἄρχοντες
385 1101 491 1168 αύτύν
504 1098 600 1167 πόλιν
616 1102 742 1166 συνετοί
752 1097 809 1164 καί
823 1101 922 1185 σοφοί
934 1102 991 1164 καί
1004 1097 1133 1183 ἔντιμοι,
1147 1098 1317 1181 ξενίζοντες

213 1204 290 1280 τούς
308 1199 460 1285 τυχόντας
475 1203 531 1265 καί
549 1202 825 1285 παραμυθούντες.
846 1200 903 1262 καί
917 1196 979 1282 πρό
995 1197 1121 1264 πόντων
1133 1198 1190 1285 τὴν
1211 1204 1317 1267 πίστιν

213 1306 271 1369 καί
289 1295 417 1367 εύνσιαν
441 1299 480 1384 ἢν
501 1296 678 1386 ἐφύλαττον
698 1297 834 1364 ἔκπαλαι
855 1300 912 1364 καί
933 1300 994 1375 icor
1013 1302 1070 1363 τού
1091 1303 1150 1365 νύν
1172 1301 1221 1377 εἰς
1240 1298 1355 1365 θεόνιο

213 1408 271 1468 καί
289 1404 335 1478 εἰς
356 1399 415 1487 τήν
436 1400 542 1486 α’ρχην
558 1399 739 1483 Ῥωμαίων
788 1397 843 1463 διό
866 1395 985 1474 ταύτας
1007 1401 1067 1479 μὲν
1087 1398 1145 1475 τὰς
1163 1397 1318 1476 τοιαύτας

213 1502 350 1588 χάριτας
371 1492 430 1567 καί
447 1497 566 1586 ἄρτιός
584 1499 641 1564 καί
660 1500 706 1574 εἰς
723 1495 799 1573 τούς
818 1502 964 1580 βασιλεῖς
983 1491 1111 1564 εύνοιαν
1134 1498 1192 1564 καί
1210 1499 1318 1565 πίστιν

214 1606 251 1669 ἐν
272 1599 443 1689 διαφόροις
461 1607 584 1686 καιροῖς
612 1597 778 1685 διαφόρως
800 1597 831 1663 oi
851 1599 1039 1683 κρατούντες
1056 1591 1192 1676 ύνακτες
1207 1602 1317 1684 ἐτίμη·

214 1727 277 1769 σαν
293 1705 350 1768 καί
369 1703 415 1779 εἰς
428 1698 555 1785 μεγάλα
573 1698 734 1785 προνόμια
745 1695 803 1782 την
815 1693 910 1782 όγίαν
927 1697 1095 1783 ἐκκλησίαν
1111 1701 1223 1765 αύιυόν
1245 1694 1317 1765 eise·

214 1808 365 1887 βίβασαν.
405 1803 464 1866 καί
482 1800 607 1885 πρῶτον
625 1800 687 1880 μὲν
707 1800 801 1864 τούτο
822 1795 859 1862 τό
883 1795 1084 1883 περιώνυμον
1104 1802 1162 1864 καί
1183 1795 1315 1884 ύπερνε-
1327 1802 1354 1866 15

216 1904 312 1991 φελές
334 1897 490 1988 φρούριον
509 1896 683 1983 ἐπισκοπὴν
703 1890 805 1964 σύσαν
823 1898 881 1981 τῆς
893 1895 1058 1979 Κορίνθου
1077 1896 1315 1982 μητροπόλεως,

216 2004 261 2068 δι’
283 2000 322 2077 ἐς
340 1998 471 2082 εἴπομεν
496 1995 615 2083 ύρετός
634 1999 700 2062 τῶν
719 1998 858 2064 πολιτῶν
881 1999 937 2060 καί
954 1995 1092 2081 χάριτας
1112 1999 1172 2084 rosi
1188 1991 1317 2080 ύστεινς,

216 2100 234 2164 ό
259 2091 446 2185 όείμνηστος
466 2093 619 2182 βασιλεύς
638 2094 695 2161 καὶ
711 2096 839 2182 μύριυρ
851 2099 1037 2180 Μαυρίκιος
1057 2095 1075 2161 ό
1094 2097 1152 2160 καί
1171 2100 1318 2181 Τιβέριος

215 2202 262 2276 eir
281 2196 478 2285 μητρόπολιν
507 2197 695 2280 ἐνεβιβασεν
724 2198 781 2262 καί
802 2194 992 2281 τριακοστόν
1022 2198 1174 2279 τέταρτον
1198 2197 1318 2280 θρόνον

213 2297 334 2380 ἔταξεν,
355 2301 411 2364 καί
430 2301 523 2384 ἕτερα
545 2292 703 2383 προνόμια
716 2293 793 2382 περί
812 2299 1000 2379 ἐλευθερίας
1014 2299 1072 2379 τῆς
1091 2296 1216 2373 πόλεως
1237 2300 1353 2367 ἔδοντο

213 2401 347 2488 ρ’ἡσατσ.
368 2400 594 2466 ἐπακολουθῶν
614 2398 651 2462 δὲ
673 2400 729 2463 καί
754 2392 771 2461 ό
795 2395 950 2480 βασιλεύς
969 2393 1031 2481 κύρ
1048 2395 1224 2473 Ἀλέξισςδ
1249 2401 1317 2463 Ko-

282 2620 309 2672 ρ
327 2602 376 2654 καλ
392 2592 503 2673 πρό-
524 2595 681 2671 Ῥωμαίων]
702 2597 747 2650 bis
763 2606 827 2668 post
843 2614 868 2651 r.
894 2612 932 2649 ra.
949 2598 998 2651 ersi
1016 2599 1115 2653 πίστιν
1131 2599 1224 2670 aptior
1239 2597 1315 2653 Ισσσι

285 2688 329 2724 ao.
347 2679 410 2744 post
427 2673 523 2734 Ιταξεν
539 2670 560 2723 P
577 2672 625 2725 ἐπὶ
644 2672 723 2730 ἔτους
741 2704 748 2719 .
769 2704 776 2719 .
797 2704 804 2719 .
827 2705 834 2718 .
857 2667 1058 2730 λνδικτιῶνος.
1080 2705 1116 2721 ··
1231 2736 1233 2739 v

214 2875 269 2919 tem
287 2872 317 2920 et
341 2867 440 2918 cisium
465 2865 617 2988 ρορυλίησε
641 2865 757 2918 virtutes
778 2872 808 2917 et
837 2864 1027 2919 fortitudinem
1046 2867 1099 2918 iam
1119 2882 1314 2920 commemore·

213 2955 283 2990 mus.
318 2945 390 2990 terra
405 2937 562 3010 mariquea
609 2938 700 2990 omnia
718 2937 802 2989 fortes
829 2947 858 2989 et
877 2954 958 3007 quam
974 2938 1091 2989 maxime
1107 2937 1205 2991 idonei
1233 2947 1312 3005 suut3

213 3026 246 3062 ac
264 3025 339 3062 mare
356 3007 468 3080 quidem
486 3009 603 3061 scienter
622 3009 760 3077 navigant,
783 3024 922 3078 navesque
940 3011 1077 3062 onerarias
1092 3011 1245 3079 permultas
1265 3012 1314 3062 ba-

212 3080 283 3133 bent
302 3098 362 3133 cum
381 3079 608 3150 gubernatoribus
621 3087 650 3132 et
667 3079 802 3132 naucleris
812 3081 1062 3149 praestantissimis,
1082 3081 1206 3151 quinon
1226 3084 1314 3135 solum

153 3158 163 3227 ζ
213 3153 333 3222 ipsorum
345 3169 427 3205 nares
448 3167 477 3203 re
496 3159 554 3214 unt,
573 3149 622 3204 sed
639 3151 722 3203 etiarn
739 3166 836 3218 magno
850 3166 964 3204 numero
983 3151 1095 3204 classem
1110 3153 1312 3223 imperatoriam

213 3223 375 3292 gubernant.
418 3169 545 3275 simiiitcr
565 3223 594 3275 in
620 3229 692 3274 terra
709 3237 765 3294 qua
782 3222 947 3291 equitando,
965 3238 1019 3292 qun
1040 3224 1189 3276 iaculando
1208 3225 1313 3277 milites

214 3295 322 3364 optimi,
339 3303 368 3346 et
385 3293 493 3364 pedites
519 3294 659 3346 fortissimi
683 3302 712 3346 et
740 3292 923 3363 probatissimi
943 3301 1015 3344 sunt.
1052 3295 1119 3346 item
1138 3311 1237 3347 eornm
1257 3312 1313 3348 ma.

213 3365 340 3434 gistratus
358 3366 512 3434 sapientes,
529 3365 610 3434 periti
631 3371 660 3417 et
678 3365 793 3435 spectati
812 3372 893 3427 sunt,
919 3365 1077 3434 peregrinos
1096 3365 1220 3437 bospitio
1242 3367 1313 3418 exci-

214 3439 297 3506 piunt
316 3443 345 3486 st
362 3435 465 3488 fovent.
507 3446 571 3490 ante
589 3436 680 3488 omnia
708 3434 789 3488 fidem
808 3443 837 3487 ct
859 3435 1079 3488 benevolentiam
1099 3452 1163 3505 erga
1182 3438 1266 3490 deum
1284 3443 1311 3490 st

215 3506 359 3576 imperium
378 3507 542 3573 Romanum,
560 3507 596 3559 ab
626 3507 700 3559 omni
718 3504 785 3559 inde
807 3515 932 3576 tempore
948 3508 1081 3575 integram
1099 3517 1246 3573 servatam,
1264 3510 1313 3562 bo-

215 3577 318 3647 dieque
334 3586 501 3629 conservant.
547 3585 658 3647 propter
674 3577 744 3629 baec
770 3585 846 3630 tanta
867 3587 1027 3631 ornamenta
1046 3586 1075 3631 et
1089 3580 1205 3633 virtutes
1225 3589 1256 3633 et
1272 3581 1313 3633 in·

213 3649 318 3716 signem
336 3663 398 3715 erga
409 3648 585 3718 imperatores
603 3647 685 3701 fidem
702 3657 730 3701 et
747 3647 867 3701 studium
885 3647 999 3702 diversis
1018 3650 1188 3720 temporibus
1207 3651 1314 3704 diverse

212 3719 248 3772 ab
268 3719 477 3790 imperatoribus
497 3717 624 3772 honorati
644 3728 709 3772 sunt
721 3727 750 3772 et
762 3721 904 3773 ecclesiam
925 3722 1028 3789 magnis
1044 3721 1189 3776 beneficiis
1206 3732 1313 3776 auctam

213 3789 376 3843 babuerunt.
413 3807 445 3843 ac
463 3792 579 3861 primum
596 3790 722 3861 quidem,
744 3807 829 3862 quum
847 3790 1040 3845 nobile·illud
1063 3800 1093 3846 et
1116 3809 1201 3865 super
1228 3793 1314 3848 nat·

213 3863 314 3916 elatum
331 3861 464 3932 oppidum
483 3863 669 3932 episcopatum
688 3860 803 3914 biberet
820 3862 954 3916 Corintho
973 3865 1119 3934 metropoli
1138 3865 1313 3930 subiectum,

212 3943 326 4004 propter
344 3951 398 3999 eas,
416 3951 484 4005 quas
499 3933 764 3986 commemoravimus
781 3933 879 3987 civium
896 3936 1010 3989 virtutes
1026 3935 1162 4006 urbisque
1174 3935 1312 3992 commode

212 4013 340 4057 aeternae
357 4008 502 4058 memoriae
518 4007 555 4057 im
576 4012 666 4057 crator
682 4012 711 4056 et
731 4013 833 4071 martyr
844 4006 1003 4070 Mauricius,
1024 4017 1210 4074 cognomento
1229 4009 1313 4064 Tibe·

214 4074 290 4137 rius,
314 4076 407 4129 urbem
432 4023 593 4148 metropoiis
619 4074 752 4144 dignitate
780 4075 927 4130 illustravit
946 4087 975 4131 et
1002 4079 1169 4132 tricesimum
1187 4089 1312 4152 quartu

213 4144 342 4199 thronum
365 4149 393 4201 ei
412 4150 570 4214 constitnit,
594 4147 704 4219 alisque
720 4145 853 4200 beneficis
878 4157 907 4202 et
932 4149 1112 4203 immunitatis
1130 4149 1209 4206 dona
1225 4151 1312 4208 είδιι
