2752 5092
187 256 245 346 36
502 278 679 363 ccoucu
706 278 949 344 suasuram

184 436 251 517 σθη
271 429 333 496 riui
353 431 411 495 τοῦ
419 428 547 512 ἐγγόνου
565 428 666 493 αδτοῦ
682 429 738 494 καί
755 431 827 493 νὲου
843 422 1060 514 Ἀνδρονίκου,
1071 425 1127 514 ἔτη
1147 431 1199 512 μί,
1217 426 1281 497 ἐπει

184 526 248 597 άπὸ
266 533 327 614 μὲν
356 532 412 614 τῆς
438 529 584 613 Χριστοῦ
599 523 772 613 γεννήσεως
794 527 898 617 .ατκη’,
926 524 990 593 άπό
1018 531 1055 594 δέ
1078 534 1207 607 κτίσεως
1224 529 1279 594 κά·

184 654 269 714 σμου
291 625 401 723 ‘contest

268 754 301 816 ρ.
345 731 418 794 Καί
435 724 629 810 παραλαβών
648 723 706 808 τὴν
724 729 892 808 βασιλείαν
912 727 967 792 καί
984 725 1041 812 την
1061 725 1153 794 πάλιν
1173 721 1189 792 ὃ
1209 731 1279 804 νέος

184 828 383 913 Ἀνδρόνικος
402 831 477 890 καθ’
497 824 532 890 ὃν
551 823 668 907 τρόπον
682 824 865 909 εἰρήκαμεν,
888 831 943 891 καί
961 825 1070 911 κύριος
1089 829 1147 891 καί
1167 826 1308 898 δισσά-5

183 953 239 1015 της
266 929 313 1003 εἷς
344 928 451 991 πᾶσαν
474 923 621 1001 ἐξουσίαν
645 923 809 1007 γενόμενος
833 924 889 990 τὸν
919 922 1045 990 πάππον
1069 929 1126 989 καί
1143 927 1279 1006 βασιλέα

184 1026 384 1112 προμηθείας
404 1023 513 1108 ἱκανῆς
533 1027 592 1088 τοῦ
609 1028 682 1106 βίου
702 1022 757 1088 καί
775 1025 832 1088 τοῦ
847 1027 902 1110 ζῆν
915 1026 1040 1109 ἠξίωσε,
1059 1022 1112 1091 τὸν
1134 1027 1169 1089 δὲ
1190 1029 1279 1089 θεῖον

185 1125 292 1192 αὐτοῦ
313 1129 552 1190 Κωνσταντῖνον
573 1117 690 1199 πιάσας
713 1124 747 1187 ἐν
766 1125 871 1210 εἱρκτῇ
890 1127 1074 1211 ἐζοφωμένη
1099 1121 1200 1202 ἔθετο,
1223 1127 1281 1189 κατ’

184 1228 243 1291 τοῦ
265 1226 403 1308 μεγάλου
435 1223 605 1304 λογοθέτου
636 1224 694 1286 τοῦ
716 1225 921 1306 Μιτοχίτου,
943 1226 1000 1287 τοῦ
1021 1226 1094 1287 ποτὲ
1114 1223 1279 1288 α’νακαινί·

182 1347 298 1398 σαντος
317 1320 375 1407 τήν
396 1321 497 1404 μονη“ν
516 1324 574 1386 τοῦ
597 1316 768 1386 Ζιοοδότου
787 1319 845 1403 τήν
864 1327 1059 1408 καλουμένην
1080 1325 1135 1405 τῆς
1147 1324 1277 1405 Χώρας,
1291 1352 1330 1396 ιο

183 1423 224 1490 τά
244 1423 388 1506 κτήματα
410 1421 512 1485 πάντα
533 1424 589 1486 καί
606 1419 757 1512 χρηματμ
775 1422 1020 1504 ἐδημοσίιυσεν·
1063 1415 1129 1486 εἶτα
1146 1417 1279 1504 ὕστερον

183 1524 281 1589 πάλιν
300 1517 473 1603 συμπαθής
496 1514 541 1584 cir
562 1519 578 1585 ὁ
599 1517 751 1602 βασιλεῦς
769 1518 844 1595 τοῦς
864 1519 983 1595 πάντας
1003 1517 1278 1606 ἐπρομηθτάσατο.

182 1617 261 1705 άρτι
283 1624 319 1687 δέ
344 1624 400 1706 τῆς
432 1615 519 1703 δίρας
547 1619 721 1704 ἐπιστάσης
751 1621 808 1684 τοῦ
829 1616 923 1703 ἔαρος
950 1618 1009 1697 τάς
1030 1625 1093 1685 τῶν
1109 1621 1277 1703 Ῥωμαίων

182 1717 334 1800 δυνάμεις
360 1717 577 1805 συναθροίσας
597 1717 680 1783 κατά
713 1722 773 1783 τοῦ
788 1720 943 1803 Ὀρχάνου
965 1724 1023 1785 τοῦ
1043 1719 1278 1803 τῆςΒιθυνίας

182 1818 397 1906 ὁμηρεύοντος
423 1818 564 1903 περάσας
595 1818 803 1903 ἐστράτευσε,
838 1821 893 1884 καί
923 1817 981 1904 τὴν
1001 1822 1328 1904 προκαθεζομένηνι5

181 1923 238 2005 τῆς
262 1920 423 1996 Βιθυνίας
453 1915 546 1983 πόλιν
569 1918 710 1986 Νίκαιαν
740 1920 840 2007 διπλῷ
864 1921 989 2008 πολέμῳ
1009 1923 1278 2005 πολιορκουμένην

179 2020 235 2082 καί
256 2013 502 2082 κινδυνεύουσαν
531 2019 577 2095 είς
606 2010 702 2102 άκρον
727 2014 813 2101 δρῶν
843 2022 1002 2104 βοηθῆσαι
1023 2016 1114 2101 ἔγνω.
1155 2017 1194 2085 τά
1219 2014 1279 2085 οὖν

179 2120 242 2184 τάν
260 2115 425 2199 Ῥωμαίων
455 2113 638 2204 ἐσφάλησαν
654 2113 760 2207 τρόπῳ
782 2119 905 2207 τοιῷδε.
958 2115 1064 2183 ἐλθών
1086 2117 1104 2183 ὅ
1125 2119 1278 2201 βασιλεὺς

183 2214 240 2281 καί
259 2213 433 2298 συμβαλών
451 2223 518 2292 τοῖς
539 2219 679 2303 ἐχθροῖς,
701 2219 756 2281 καί
776 2214 1016 2302 ἀκροβολισμῶν
1028 2220 1202 2301 γενομένων
1221 2217 1280 2284 καί

182 2419 240 2499 τῆς
261 2411 382 2500 ἡμέρας
403 2419 463 2490 ἓως
483 2417 541 2499 τῆς
559 2411 695 2498 ἑσπέρας
716 2419 819 2492 καλῶς
833 2416 889 2480 καί
902 2418 1054 2497 α’νδρείοος
1075 2411 1276 2500 άντελέγοντο

183 2523 250 2591 τοῖς
268 2517 464 2599 Ἀγαρηνοῐς,
493 2517 550 2578 καί
579 2512 608 2580 οἱ
632 2516 768 2601 Τοῦρκοι
793 2515 910 2597 σχιδδν
929 2514 1009 2600 πρὸς
1029 2513 1064 2582 τά
1085 2521 1188 2583 κλῖναι
1208 2513 1277 2582 ‹itl-

252 2700 277 2769 4.
292 2697 327 2772 7.]
344 2699 472 2770 βασιλεία
485 2694 667 2769 Ἀνδρονίκου
684 2697 733 2752 τοῦ
750 2701 822 2754 νέου.
839 2715 903 2771 κεφ.
921 2698 950 2763 ζ.
961 2699 1009 2751 ΜΡ
1142 2716 1180 2752 ιο.
1201 2690 1273 2772 τὴν]

251 2773 301 2824 καὶ
317 2767 555 2842 οἰκοδομήσαντος
571 2761 621 2836 τὴν
639 2769 666 2820 Μ
687 2778 714 2820 et
732 2785 822 2837 margo
840 2770 859 2820 P
938 2770 1037 2842 χώρας
1057 2773 1106 2825 καὶ
1123 2769 1276 2844 οἰκοδομή-

253 2829 550 2906 σαντοςαύιῆνιάΡ
624 2855 662 2908 17.
680 2841 753 2912 ἔγνω
772 2840 862 2891 omM
931 2836 1046 2897 usinum
1067 2842 1097 2895 M
1171 2847 1211 2896 18.
1227 2838 1275 2911 ἦλ-

252 2906 377 2970 θενοῦν
397 2909 413 2966 δ
433 2911 462 2964 Μ
548 2926 593 2963 20.
611 2909 687 2978 ἕκτης
704 2928 747 2962 um
766 2912 795 2962 nt

183 3080 311 3134 «ironicus
337 3083 425 3134 maior
454 3098 514 3133 cum
538 3080 673 3133 Michaela
698 3082 773 3146 ulio,
802 3080 889 3134 donec
920 3081 956 3135 ab
981 3081 1135 3135 Andronico
1166 3084 1275 3136 minore

182 3153 343 3205 deturbatus
361 3163 411 3216 est,
428 3169 512 3205 annos
531 3153 651 3223 quinque
664 3161 692 3205 et
709 3152 895 3222 quadraginta,
911 3151 939 3204 h.
957 3169 981 3209 e.
999 3153 1034 3206 ad
1052 3170 1151 3207 aunum
1169 3153 1276 3206 aChri·

181 3232 224 3276 sto
243 3232 309 3276 nato
330 3225 411 3287 1328,
429 3224 464 3276 ab
483 3222 550 3275 urbo
566 3224 677 3275 condito
696 3226 776 3276 6836.

254 3313 278 3364 η.
315 3296 413 3347 Urbem
443 3303 471 3347 et
499 3295 641 3364 imperium
668 3295 759 3347 iunior
784 3294 954 3347 Andronicus
981 3309 1030 3358 co,
1055 3311 1110 3365 quo
1137 3293 1275 3359 diximus,

181 3364 263 3417 modo
284 3365 399 3435 adeptus
416 3374 499 3436 atque
517 3365 645 3418 dominus
662 3373 691 3416 et
715 3365 829 3434 despota
847 3383 906 3417 cum
924 3383 1025 3418 summa
1046 3382 1134 3417 rerum
1153 3366 1275 3417 omnium

180 3445 317 3505 potestate
337 3436 440 3500 iactus,
461 3454 511 3488 uso
528 3436 563 3488 de
582 3437 638 3488 vitu
656 3435 796 3487 commode
819 3435 923 3504 agenda
940 3436 1094 3506 prospexit,
1114 3435 1276 3488 Constanti.

180 3523 245 3558 num
262 3517 353 3558 cirtem
370 3515 496 3576 patruum
510 3507 735 3577 comprehensum
756 3508 785 3560 in
803 3524 935 3558 carcerem
953 3505 1126 3559 tenebrosum
1145 3508 1275 3570 coniecit,

181 3585 211 3630 et
228 3576 393 3630 Metochitac
419 3579 508 3646 magni
527 3578 697 3646 logothetae,
720 3578 769 3648 qui
787 3577 925 3647 quondam
950 3579 1143 3629 monasterium
1169 3578 1274 3628 Christi

180 3648 344 3712 satutem,
362 3649 437 3716 quod
452 3648 555 3701 Choraa
573 3649 743 3712 nominatur,
761 3650 973 3709 instauraverat,
990 3648 1132 3701 facultates
1150 3664 1275 3718 opesque

180 3735 274 3771 omnes
298 3720 456 3802 publicavit.
486 3719 534 3771 scri
560 3737 638 3784 mox,
664 3720 850 3771 misericordia
880 3727 1046 3784 commotus,
1073 3722 1177 3771 cunctis
1199 3717 1275 3770 benc

180 3792 327 3842 consuluit
341 3790 388 3842 vix
407 3793 519 3842 ineunte
537 3808 600 3842 vere
618 3790 746 3842 collectas
760 3792 936 3842 Romanorum
953 3791 1046 3859 copias
1063 3799 1157 3842 contra
1168 3788 1275 3841 Orcha-

180 3861 404 3928 nemuithyniae
423 3877 556 3924 amoram,
575 3861 666 3926 ducit,
688 3871 716 3913 ct
730 3861 876 3925 Nicaeam,
897 3861 992 3912 urbem
1010 3861 1152 3929 Bithyniae
1170 3860 1276 3929 prima-

180 3933 263 3994 riam,
292 3932 397 4000 duplici
412 3933 529 3983 exercitu
551 3935 751 3984 circumsessam
772 3941 854 4001 atque
877 3932 905 3983 iu
918 3950 1051 3983 summum
1063 3931 1207 3983 adductam
1220 3945 1275 3999 pe-

180 4003 302 4065 riculum,
321 4003 438 4054 liberare
454 4002 578 4056 decrevit
598 4003 741 4057 succubuit
755 4020 797 4055 res
815 4005 932 4054 Romana
949 4003 1002 4054 hoc
1019 4003 1108 4055 modo.
1125 4009 1274 4072 postquam

180 4072 290 4125 advenit
316 4075 462 4144 imperator
480 4068 520 4126 'ct
545 4074 679 4143 proelium
709 4075 856 4137 commisit,
880 4075 989 4127 Romani
1021 4076 1137 4143 primum
1164 4073 1275 4124 surinus

180 4143 341 4207 iaculando,
371 4144 471 4198 deindo
498 4144 651 4200 dimicando
677 4153 800 4199 conserta
825 4162 922 4213 manu,
944 4154 1052 4199 aresta
1073 4145 1129 4197 diei
1148 4143 1215 4199 hora
1235 4141 1274 4195 asi
