2760 5092
247 253 330 339 322
559 277 734 343 oeoaau
766 276 1009 341 anatomia

241 434 385 512 βασιλεῖς
410 427 542 511 μεγάλοι
573 422 607 505 ἐξ
630 429 730 493 αύτσύ
751 424 917 511 γεγόνασι,
943 423 997 489 καί
1026 420 1098 513 τάςΙ
1109 427 1220 506 χεῖρας
1237 422 1335 485 αύτού

241 526 296 595 int
313 528 430 602 πάντας
444 529 629 612 θεωροῦμεν
649 520 740 608 εἶναι,
761 529 817 590 καί
829 523 862 589 αἶ
882 533 989 608 χεῖρες
1006 521 1130 587 πάντων
1150 523 1198 585 ἐπ’
1220 522 1333 602 αύτύν,

242 626 299 691 καί
319 623 545 716 ε’νεκατρύκησεν
564 624 618 691 ἐπὶ
628 624 795 709 πρόσωπον
815 623 905 708 ἧμιδν
918 622 1058 705 πάντων,,
1075 625 1129 685 καί
1148 619 1178 686 oi
1199 623 1235 699 ἐκ
1255 619 1332 684 τού-

240 749 296 791 του
319 725 440 804 τοξόται
461 718 589 812 ἄριστοί
608 727 671 790 εἰσι
690 725 762 790 λίαν
783 726 865 789 λίαν.
917 720 999 806 πλήν
1020 725 1075 805 τῆς
1099 720 1256 804 διαθήκης
1275 720 1332 784 ori·

240 828 299 890 τοῦ
323 820 431 900 driade
450 824 625 910 ὑστέρησεν
645 822 753 889 αύτύν.
774 819 854 888 dora
877 820 985 898 καθώς
1001 846 1098 907 φησιν
1116 817 1135 904 ἦ
1158 821 1232 884 θεία
1252 827 1359 902 ppo-5

241 921 308 1010 φή,
329 925 385 988 καὶ
411 917 450 1009 ἦν
479 925 654 1007 ὡρισμένον
683 925 718 988 ἐκ
735 925 853 987 πολλοῦ
880 915 1005 989 drudes
1034 925 1077 985 δι’
1104 913 1149 985 ὧν
1168 915 1333 1004 κριμάτοσν

240 1018 324 1089 οἶδεν
345 1020 362 1086 δ
382 1022 457 1099 oeta
476 1021 624 1098 τοιαύτας
643 1026 808 1107 γενέσθαι·
861 1016 901 1106 ἦν
922 1021 982 1106 γάρ
1007 1021 1124 1103 ἀνάγκη
1146 1016 1256 1084 λοιπὸν
1275 1022 1332 1083 ἵνα

171 1165 173 1170 ,
239 1126 339 1205 πέρας
360 1121 482 1205 λάβωσι
502 1120 541 1188 τά
562 1115 622 1186 ὅσα
644 1117 660 1184 δ
681 1119 818 1206 διάπτης
829 1123 954 1205 Μωσῆς
974 1118 1086 1206 ἔφησε,
1109 1120 1163 1183 καὶ
1184 1117 1261 1200 ούχί
1279 1112 1333 1182 ὅτι

239 1224 298 1288 osia
318 1223 511 1309 ἐφρονοῦμεν
534 1220 642 1305 ὀρθῶς
663 1217 817 1303 Ῥωμαῖοι·
832 1244 865 1285 τε
894 1219 950 1284 καί
966 1223 1081 1303 Σέρβοι
1108 1219 1164 1284 καδ
1181 1217 1334 1301 Βούλγσ-

238 1345 300 1406 ραι,
321 1321 430 1397 καθώς
450 1326 595 1405 λέγουσιν
613 1320 642 1385 oi
663 1322 903 1404 κατηγοροῦντες
925 1319 1010 1404 ἡμᾶς
1034 1317 1089 1382 κατ’
1107 1319 1329 1396 ὀνειδίζουσιν.
1343 1344 1374 1384 ιο

236 1420 295 1485 ἐάν
326 1423 361 1485 δὲ
393 1418 489 1485 πάλιν
516 1423 573 1485 κατ’
594 1416 655 1483 ύπδ
686 1418 850 1503 άμαρτιῶν
878 1415 970 1502 ἡμεῖς
995 1415 1251 1501 ἐπαιδεύθημεν,
1271 1421 1332 1482 καί

234 1518 328 1600 ύμεῖς
347 1517 376 1584 σύ
393 1520 507 1586 Ἰταλοὶ
524 1515 571 1601 μῆ
592 1517 776 1602 άμερύμνως
794 1516 939 1600 μείνατε,
965 1513 1045 1581 α’λλά
1065 1515 1122 1591 τάς
1140 1522 1253 1600 χεῖρας
1272 1517 1331 1581 ἐπὶ

233 1613 409 1702 τὸστῆθος
437 1617 527 1698 ύμάν
550 1618 663 1699 βάλετε
694 1620 750 1681 καί
769 1615 847 1681 κατά
867 1619 943 1681 νοῦν
963 1614 1173 1700 ἐνθυμήθητε,
1193 1620 1249 1680 καί
1267 1639 1329 1680 κα-

231 1720 440 1801 τηγοροῦντες
460 1718 542 1800 ἡμᾶς
563 1716 715 1780 παύσατε.
764 1714 857 1780 ositos*
876 1717 912 1779 δὲ
932 1713 962 1779 oi
981 1715 1173 1798 Ἰσμαηλῖται
1194 1708 1328 1780 ἄπιστοι

232 1805 318 1889 ὄντες
345 1815 481 1898 χαλεποὶ
507 1818 563 1879 κατ’
582 1809 807 1898 άνελεήμονες,
829 1812 997 1899 προστάξει
1020 1818 1053 1878 δὲ
1074 1818 1156 1878 θεοῦ
1175 1811 1249 1888 τούς
1271 1825 1370 1885 art-15

231 1910 326 1988 σιούς
348 1911 536 1979 παιδεύουσι
549 1913 604 1978 καὶ
622 1916 656 1979 τά
678 1920 785 1978 πλεῖον
800 1917 897 1997 μέρος
908 1919 967 1977 τού
982 1914 1099 1992 κόσμου
1123 1913 1325 1997 κυριεύουσι.

231 2012 281 2076 διὸ
314 2017 355 2076 ού
381 2016 434 2078 δεῖ
450 2021 736 2099 μεγαλορρημονεῖν
761 2011 836 2097 περὶ
853 2011 976 2079 τούτων
992 2013 1067 2087 τούς
1085 2009 1245 2094 Ἰταλούς,
1271 2009 1324 2079 ὅτι

107 2154 110 2160 -
178 2139 211 2192 7²
231 2109 286 2175 διά
311 2110 347 2178 τδ
370 2113 474 2196 ὀρθῶς
496 2123 625 2200 φρονεῖν
646 2112 701 2177 καὶ
721 2113 838 2178 δάιαιοι
852 2112 908 2178 καὶ
924 2109 1008 2197 άγισι
1024 2109 1157 2186 ἑαυτούς
1175 2117 1324 2195 λδγουσιν

229 2207 320 2294 εἶναι,
341 2217 397 2277 κατ’
417 2211 471 2277 διά
486 2211 542 2298 την
563 2216 670 2278 αύτοῖν
683 2215 871 2297 ύρθοδοξιάν
891 2214 947 2278 καί
958 2210 1162 2296 δικαιοσύνην
1184 2214 1244 2287 ἕως
1263 2215 1321 2278 τοῦ

225 2313 283 2377 νύν
302 2312 518 2392 βασιλεύουσι.
1328 2336 1362 2379 ao

311 2410 448 2486 Τούτους
467 2415 527 2492 μὲν
549 2410 622 2487 τούς
641 2409 754 2494 λόγους
775 2413 943 2497 εἰρήκαμεν
962 2411 1037 2494 ούχί
1065 2409 1144 2495 πρὸς
1159 2409 1195 2475 τά
1219 2436 1318 2476 κατα·

224 2511 341 2591 κράνειν
360 2506 384 2594 ἢ
404 2519 588 2595 κατηγορεῖν
609 2509 688 2591 τινά,
709 2510 753 2594 μὴ
775 2515 906 2594 γένοιτο,
927 2506 995 2576 ’ἄλλ’
1017 2513 1068 2576 ἳνα
1090 2520 1155 2588 τοῖς
1177 2518 1318 2576 καταλα-

223 2610 436 2694 tooure-ipae
464 2608 617 2692 δείξωμεν
646 2605 698 2675 ύτι
728 2610 787 2676 ούκ
808 2610 917 2696 ‹ip-‘iaie
946 2613 1003 2677 καί
1022 2615 1137 2697 σαφῶς
1156 2608 1216 2688 τάς
1237 2636 1317 2696 γρα-

255 2798 257 2802 ’
295 2817 335 2872 ιδ.
354 2826 417 2889 post
433 2818 610 2892 ἐνθυμήθητε
625 2837 731 2873 versum
753 2820 897 2874 dimidium
914 2823 1067 2876 vacuum?
1098 2836 1102 2850 “

221 3018 249 3065 et
267 3027 361 3066 manue
389 3015 447 3066 eius
474 3013 600 3066 adversus
629 3032 736 3078 omnes,
761 3023 790 3069 et
816 3018 936 3068 omnium
959 3032 1053 3069 manus
1076 3017 1204 3069 adversos
1222 3018 1311 3088 ipsam

220 3085 339 3136 intentas
358 3084 488 3148 videmus,
506 3094 535 3136 et
555 3086 722 3137 domicilium
741 3087 887 3139 collocavit
905 3090 935 3141 in
951 3097 1098 3158 conspectu
1116 3090 1202 3141 nostri
1220 3092 1310 3142 omni·

220 3173 273 3218 um,
292 3165 321 3207 et
338 3157 441 3225 posteri
458 3157 516 3207 eius
537 3158 667 3225 sagittarii
686 3159 766 3226 longe
785 3161 883 3229 optimi
904 3169 983 3224 eunt3
1004 3160 1132 3228 pactione
1150 3168 1243 3211 autem
1263 3178 1309 3212 sua

219 3224 285 3277 detra
305 3242 365 3277 eum
386 3227 517 3278 exclusit:
547 3237 593 3288 ut,
623 3229 849 3298 quemadmodum
875 3232 904 3282 in
918 3232 998 3282 saeris
1017 3231 1102 3282 literis
1123 3239 1164 3282 est
1183 3240 1212 3282 et
1228 3232 1308 3299 longe

219 3304 283 3346 ante
302 3299 479 3349 constitutum
495 3307 553 3349 erat
572 3298 607 3349 ob
626 3301 754 3362 rationes,
773 3317 841 3371 quas
858 3301 924 3354 doras
942 3302 1027 3363 novit,
1045 3302 1083 3353 ita
1101 3303 1235 3354 evenerit.
1258 3319 1308 3355 ne·

218 3382 292 3416 cesse
319 3369 389 3418 euim
409 3378 481 3431 erat,
498 3377 528 3419 ut
554 3378 680 3420 eventum
710 3369 859 3434 haberent,
892 3388 1071 3442 quaecunque
1091 3371 1200 3423 divinus
1218 3375 1308 3426 Moses

219 3435 333 3487 dixerat.
369 3436 479 3490 minime
499 3454 563 3490 vero
582 3456 631 3491 noe
645 3457 726 3508 prava
743 3443 935 3508 sentiebamus,
955 3444 1075 3504 Romani,
1088 3444 1175 3495 Servii
1195 3451 1224 3497 et
1243 3445 1307 3497 Bul-

218 3507 290 3572 gari,
312 3503 341 3557 id
361 3508 450 3576 quod,
474 3511 521 3578 qui
549 3527 597 3561 noa
618 3512 818 3564 calumniantur
838 3521 866 3565 et
881 3523 1015 3576 accusant,¹
1033 3513 1136 3566 dicunt.
1173 3532 1223 3567 voa
1244 3532 1306 3567 vero

218 3577 278 3628 ltaii
298 3592 333 3628 ne
346 3594 438 3629 secure
456 3580 549 3645 agatis,
564 3580 620 3645 aed,
639 3583 771 3651 impositis
783 3585 886 3652 pectori
903 3585 1042 3646 manibus,
1056 3584 1229 3638 meditamini
1247 3604 1306 3639 cum

218 3649 323 3709 auimo,
354 3656 383 3698 et
403 3647 526 3700 desistite
550 3667 599 3701 nos
619 3668 752 3705 accusare.
790 3655 941 3706 ismaelitae
959 3665 1057 3717 autem,
1075 3655 1200 3708 homiues
1220 3657 1306 3727 impii,

217 3717 277 3769 duri
300 3727 328 3771 et
344 3717 502 3781 inhumani,
521 3736 536 3770 e
557 3721 699 3774 voluntate
717 3723 762 3774 dei
778 3724 839 3794 pioa
858 3727 990 3792 castigant
1006 3735 1035 3778 et
1051 3727 1181 3779 maiorem
1199 3738 1306 3796 partem

217 3788 289 3840 orbis
308 3798 438 3841 terrarum
469 3800 626 3860 occupatam
653 3801 757 3845 teuent
793 3811 877 3864 quare
897 3813 952 3848 non
976 3797 1057 3849 decet
1076 3796 1110 3848 de
1131 3797 1175 3848 hia
1193 3799 1305 3866 gloriari

216 3861 300 3911 Italos
310 3897 317 3924 ‚
336 3874 394 3912 sese
413 3868 524 3929 propter
543 3860 680 3914 doctrinae
696 3863 861 3933 probitatem
885 3866 971 3919 iustos
988 3876 1018 3920 et
1035 3875 1186 3920 sanctonae
1206 3871 1305 3942 appel-

215 3930 273 3982 lare
292 3940 320 3983 et
338 3939 452 4001 propter
468 3930 655 3984 orthodoxiam
672 3943 701 3985 et
718 3936 847 3989 iustitiam
865 3935 900 3987 ad
918 3936 991 3990 laune
1007 3937 1078 3990 diem
1098 3943 1220 4006 regnare.

287 4003 358 4054 Haec
378 4001 459 4053 verba
472 4002 583 4053 minime
597 4003 717 4066 fecimus,
733 4021 796 4074 quo,
815 4005 890 4077 quod
908 4007 988 4072 absit,
1005 4025 1169 4081 quemquam
1190 4010 1314 4064 damno.

214 4087 272 4122 ιπιιι
293 4081 341 4126 out
361 4088 531 4134 accusemus,
555 4072 656 4126 redut
678 4075 849 4128 ostendamus
873 4077 922 4141 iis,
948 4080 996 4150 qui
1023 4097 1073 4131 nos
1092 4081 1302 4143 calumniantur,

215 4140 286 4193 haud
308 4142 394 4215 probe
414 4157 464 4198 nec
483 4151 554 4200 recte
572 4159 619 4198 eos
640 4145 732 4200 literae
755 4148 918 4220 intelligere.
963 4149 1030 4205 hinc
1045 4151 1118 4206 enim
1137 4152 1187 4218 aa,
1204 4161 1238 4206 ut
1253 4168 1302 4206 nos
