2752 5092
197 246 252 332 50
527 262 701 328 uuonan
731 258 976 326 euasurum
1009 216 1015 229 ’Ν

195 427 256 509 ρᾶν
279 423 334 485 καί
352 415 408 483 τὸν
429 418 589 501 βασιλέα,
610 410 691 478 nord
719 413 783 477 rav
812 407 1096 497 α’ποστατησύντων
1117 409 1293 497 σατρύπαν

194 527 229 591 ἐν
249 526 286 610 τῇ
305 521 414 609 Ἀσίᾳ,
444 517 462 580 ὅ
482 520 542 598 μὲν
560 515 687 599 ἆμηρσῖς
706 509 761 576 τὸν
780 509 852 577 υὶύν
872 509 977 577 ademi
996 513 1124 594 Μαναήν
1142 511 1292 597 τξελεπήν

193 626 377 699 κατέλιπεν,
408 617 459 682 λ’να
483 611 585 681 πάντα
612 612 650 680 τύ
677 611 816 698 ύποτελῇ
835 612 923 700 αύτῷ
951 614 985 676 ἐν
1004 614 1043 700 τῇ
1066 610 1205 700 Εύριύπη
1226 637 1292 698 φυ-

194 722 303 809 λάττη,
327 717 346 782 ὅ
369 719 406 782 di
424 713 576 799 βασιλεύς
595 713 651 778 τὸν
667 707 821 795 δεσπότην
833 710 895 794 κύρ
905 705 1110 794 Ἀνύρὸνικον
1121 708 1178 775 τὸν
1200 735 1290 795 πριο-

191 826 301 905 τογενῆ
320 815 392 884 υἱὸν
413 816 511 881 αύτσύ
524 812 563 881 τοὶ
579 815 642 878 τῶν
649 810 821 893 Ῥωμαίων
834 811 989 895 κυβερνᾶν
1008 806 1114 875 εἴασεν
1127 812 1183 874 καί
1200 813 1322 893 iasa-5

192 927 361 986 πίστευσεν
380 917 480 1005 αύτῷ.
535 905 631 978 αύτοί
660 912 697 977 δὲ
721 908 751 975 οἱ
772 913 834 975 νέοι
857 906 1106 975 αύθτντύπουλαι
1126 908 1291 995 εύκαιρίαν

191 1016 335 1104 εύρύντες
358 1020 413 1083 καί
433 1017 478 1091 είς
506 1006 602 1099 ἄκρον
624 1013 831 1097 φιλιαθέντες
858 1008 915 1075 καί
937 1004 1146 1093 ὁμιλήσαντες
1164 1011 1291 1092 συχνούς

192 1115 379 1202 τύμονύησαν
405 1112 485 1198 μετα
516 1108 619 1198 ὅρκων
647 1108 829 1192 α’ναμεταξύ
851 1109 961 1175 adreio
988 1109 1032 1187 ὥς
1053 1111 1191 1195 α’ύελφοί
1209 1103 1292 1175 ιύσιν

193 1217 255 1284 α’πό
275 1221 332 1302 τῆς
351 1211 442 1300 σύρας
462 1217 581 1298 ἐκείνης
601 1216 657 1277 καί
683 1202 728 1287 εἷς
755 1212 799 1300 τῷ
821 1203 918 1298 ἑτέρη)
938 1208 1056 1294 βοηθὸς
1076 1207 1186 1293 ἔσηται
1206 1206 1289 1275 κατὰ

191 1322 272 1397 πᾶν,
294 1315 350 1380 καί
370 1311 472 1391 ούτας
498 1311 720 1396 ἀπεπάτησαν
740 1308 821 1375 κατὰ
840 1312 903 1375 τῶν
922 1314 1067 1395 πατέρων
1089 1309 1212 1391 αύτιύν,
1231 1331 1340 1381 rae-10

192 1412 394 1504 ριερχόμτνοι
413 1411 472 1489 τοὶς
494 1411 604 1496 χώρας
626 1413 681 1477 καί
700 1407 822 1486 πόλεις·
866 1407 922 1474 καί
940 1407 996 1486 τὰς
1015 1410 1061 1493 μή
1085 1404 1289 1473 ύποκυπταύ-

191 1542 250 1589 σας
278 1518 320 1601 τῷ
338 1510 496 1598 θελήματι
518 1513 642 1592 aaron,
680 1508 759 1575 οἶλλοὶ
783 1509 1005 1594 φυλαττούσας
1023 1507 1081 1589 τήν
1101 1508 1290 1592 πρέπουσαν

190 1609 319 1680 εύνσιαν
350 1617 397 1689 είς
416 1611 491 1688 τούς
510 1615 672 1695 πατέρας,
692 1604 914 1697 ιήχμαλύτιζον
931 1608 1137 1683 σκυλεύοντες
1156 1608 1211 1671 καί
1230 1605 1290 1670 α’ν.

192 1715 445 1801 δραπαύίςοντες.
463 1709 622 1793 μαθόντες
645 1711 681 1775 δὲ
702 1711 797 1774 τούτο
819 1712 854 1774 ἐν
874 1711 913 1796 τῇ
929 1708 1022 1794 Ἀσίρι
1044 1705 1062 1770 ὅ
1084 1709 1212 1791 α’μηρᾶς
1233 1702 1292 1769 κατ’

190 1809 209 1877 ri
239 1810 391 1895 βασιλεύς
422 1813 495 1877 λίαν
514 1807 720 1894 ἐλυπήθησαν
745 1811 801 1873 καί
819 1801 1046 1894 ήμανάιιτησαν.
1090 1800 1185 1870 ύούν
1203 1806 1289 1889 α’μη·
1304 1812 1341 1877 15

191 1913 253 1998 ρᾶς
273 1913 418 1994 ύποψιάν
448 1908 532 1994 ἔχων
552 1911 587 1975 ἐν
616 1912 658 1995 τῇ
676 1911 792 1997 καρδίη
810 1906 856 1991 μή
878 1906 934 1973 διὰ
955 1906 1116 1991 θελήσειας
1137 1908 1194 1969 καί
1211 1908 1301 1987 Bou?

190 2016 247 2096 λῆς
275 2012 332 2076 τού
356 2014 514 2093 βασιλέως
541 2000 628 2075 ούτοι
661 2006 898 2092 α’πεστύτησαν,
936 2007 1125 2082 ἀποστείλας
1160 2000 1294 2088 μηνύων

191 2111 280 2199 αύτῷ
309 2107 391 2191 μετὰ
425 2111 534 2191 θυμοῦ
551 2101 637 2173 εἶπεν
666 2107 720 2172 ἵνα
749 2108 867 2192 τρόπον
900 2104 973 2172 τινὰ
994 2107 1109 2193 ποιήση
1134 2098 1220 2178 ὅπως
1238 2099 1294 2169 τὸν

189 2207 389 2295 Ἀνδρόνικον
408 2204 584 2295 παιδεύσῃ,
605 2208 660 2273 καί
685 2208 1005 2294 πληροφορηθήσεται
1033 2209 1064 2271 εἰ
1096 2200 1113 2267 si
1136 2201 1293 2287 βασιλεύς

191 2303 250 2372 ούκ
272 2301 313 2393 ήν
335 2305 437 2383 αἴτιος
459 2311 517 2393 τῆς
540 2305 688 2392 τοιαύτης
706 2310 839 2392 βουλῆς·
881 2308 912 2371 εἰ
931 2306 967 2371 δύ
988 2299 1093 2378 ἄλλως
1111 2301 1289 2387 γενήσεται,
1301 2331 1342 2374 20

191 2406 289 2483 αύτός
319 2407 375 2472 καί
403 2400 526 2482 ὁοῖκος
553 2406 655 2472 αύτού
686 2407 741 2472 καί
760 2410 846 2472 πᾶσα
876 2405 896 2490 ή
921 2403 1006 2491 α’ρχή
1037 2406 1099 2469 ταῖν
1115 2402 1293 2485 Ῥωμαίων

192 2499 317 2587 ὄψεται.
358 2504 375 2570 ὃ
396 2508 432 2570 δὲ
454 2504 606 2586 βασιλεύς
627 2509 818 2589 α’πεκρίνατο
844 2507 943 2588 λέγων
961 2497 1012 2568 ὅτι
1032 2505 1090 2568 oda
1110 2497 1195 2567 οίύεν
1215 2495 1292 2566 aire

192 2607 359 2687 ἐπίστατο,
378 2602 461 2687 μετὰ
493 2598 596 2690 ὅρκων
624 2603 792 2688 μεγάλων,
817 2601 854 2670 τό
883 2602 1024 2687 γεγονός·
1076 2603 1132 2666 καί
1155 2599 1212 2666 ἐὰν
1243 2601 1292 2675 εἰς

264 2828 289 2864 a.
307 2813 462 2885 μαυσύνΡ
553 2829 593 2881 ¹9·
617 2811 676 2868 ελὸ
699 2803 839 2885 βασιλεύς]
868 2810 952 2873 ύςΡ
1048 2814 1091 2862 23.
1113 2808 1221 2882 ὅρκων,
1240 2812 1294 2863 καλ

262 2884 391 2956 μεγάλως
407 2879 440 2940 τὸ
456 2876 576 2957 γεγονὸς
588 2886 712 2941 ἐλυπεῖτο
723 2886 742 2936 Ρ

194 3087 352 3209 mercetur-i,
369 3103 471 3140 arueras
482 3088 585 3140 Mosam
602 3088 749 3159 Taelepem
763 3089 850 3141 filium
870 3088 990 3158 reliquit,
1007 3087 1054 3157 qui
1068 3087 1177 3139 iuterim
1195 3087 1294 3138 omnia

206 3159 214 3170 ’
236 3174 317 3227 ropac
339 3160 398 3210 loca
417 3161 469 3211 sibi
489 3160 632 3229 vectigalia
656 3161 685 3212 in
712 3160 799 3211 officio
823 3161 992 3221 contineret,
1018 3161 1167 3227 imperator
1182 3156 1294 3209 Andro·

194 3229 413 3297 nicodemum,
432 3231 489 3282 fitio
509 3240 574 3282 natu
586 3232 713 3293 maximo,
733 3247 788 3282 rem
808 3233 953 3283 Romanam
973 3227 1211 3281 administrandam
1231 3237 1295 3279 tra-

195 3298 269 3350 didit
288 3302 488 3371 commisitque.
508 3301 696 3354 adolescentes
714 3303 805 3370 regiae
824 3302 967 3372 potestatis
984 3301 1091 3364 vicarii,
1107 3301 1158 3351 bae
1177 3300 1218 3350 usi
1239 3317 1293 3368 op-

195 3371 382 3439 portunitate,
400 3373 546 3424 amicitiam
565 3374 742 3425 arctissimam
762 3374 939 3440 coniungunt,
959 3371 1053 3424 crebra
1071 3372 1102 3423 in
1121 3369 1295 3438 colloquium

196 3442 310 3492 veniunt
325 3443 491 3512 tandemque
510 3454 675 3496 sacramento
702 3461 731 3496 se
750 3444 937 3512 obstringunt,
966 3451 997 3496 ut
1016 3442 1050 3493 ab
1068 3442 1118 3495 iiio
1139 3440 1203 3493 iude
1222 3448 1295 3491 tem·

196 3526 263 3580 pore
274 3512 343 3562 alter
359 3513 437 3564 alteri
451 3515 619 3583 quasisrater
633 3516 669 3567 sit
682 3524 711 3567 et
729 3516 841 3566 inomni
856 3531 884 3565 re
900 3513 995 3567 socius.
1016 3512 1116 3565 deinde
1135 3530 1151 3564 a
1168 3510 1296 3581 patribus

197 3581 348 3644 deficiunt,
366 3592 448 3653 atque
467 3587 620 3654 provincias
635 3594 663 3638 et
681 3585 764 3637 urbes
777 3586 922 3648 obeuntes,
945 3586 1144 3655 quaeipaorum
1156 3581 1295 3633 volantati

196 3669 252 3705 non
275 3652 509 3723 obsequebantur,
528 3657 577 3708 sed
596 3656 716 3708 debitam
735 3658 859 3725 patribus
876 3656 957 3708 fidem
975 3656 1137 3717 servabant,
1156 3653 1295 3721 diripiunt

196 3724 281 3793 inque
300 3726 458 3777 servitutem
486 3727 619 3797 redigunt⁴
645 3728 698 3779 lroc
720 3727 770 3779 abi
798 3727 828 3778 io
847 3728 910 3779 Asia
926 3727 1068 3778 Amurates
1096 3733 1125 3777 et
1144 3725 1294 3793 imperator

197 3811 369 3864 comparere,
398 3796 493 3848 miore
517 3807 546 3850 et
569 3797 710 3851 iracundia
741 3806 911 3863 exarseruut3
938 3805 967 3850 et
987 3814 1090 3849 amaras
1114 3794 1225 3866 quidem
1244 3809 1297 3845 au·

196 3870 322 3918 ctoritate
340 3876 369 3919 et
395 3863 512 3921 consilio
530 3871 698 3939 imperatoris
721 3868 785 3920 illos
810 3868 953 3921 descivisse
978 3869 1146 3938 suspicatus,
1164 3867 1189 3917 ei
1207 3866 1297 3918 iratus

197 3939 376 4004 significatum
394 3938 493 3991 mittit:
513 3939 636 4004 videret,
653 3957 708 4013 quo
725 3939 806 3992 modo
828 3938 1012 3992 Andronicum
1030 3939 1117 3991 filium
1136 3937 1248 4007 puniret
1267 3944 1298 3987 et

197 4007 235 4057 sic
253 4008 334 4060 fidem
352 4009 404 4060 sibi
427 4009 543 4073 iaceret,
561 4028 618 4063 nou
637 4026 696 4063 esse
713 4028 743 4063 aa
766 4011 844 4063 istius
864 4011 970 4063 consilii
991 4019 1138 4063 auctorem.
1155 4009 1197 4059 sin
1213 4006 1299 4058 aliter

198 4078 285 4142 faxit,
305 4089 333 4131 st
350 4081 439 4149 ipsum
458 4089 487 4133 st
506 4081 614 4133 domurn
636 4083 696 4134 eius
717 4090 745 4134 at
759 4089 847 4134 totum
869 4084 1018 4135 Romanum
1036 4080 1178 4150 imperium
1196 4094 1300 4148 exper-

197 4154 301 4212 turum,
328 4167 383 4219 quo
410 4167 442 4203 ea
463 4169 504 4203 res
528 4152 663 4205 evaderet.
692 4154 840 4225 imperator
864 4152 1011 4224 respondet
1035 4160 1064 4203 et
1085 4150 1159 4220 gravi
1179 4148 1296 4203 affirmat
