2724 5114
170 634 225 697 σε
243 630 608 699 mmssnonrcmsr
638 635 1045 703 excrnronsumuo.
1078 610 1161 698 525

68 783 156 868 χοῦν,
165 775 265 862 οἶμαι,
275 777 393 845 ταῦθ“ό
404 777 811 866 Μουράτηςιέσκέψατοκαό
821 781 1004 855 τοῦθόάτω
1014 791 1160 871 γενέσθαι

69 884 273 965 προσέταξεν,
294 882 332 943 ἵν’
354 876 533 964 άσφάλειαν
553 881 684 965 ἡπόλις
707 884 765 972 έχη
786 891 844 952 κατ’
862 887 1010 972 φυλακην
1030 891 1159 971 άκριβο·

65 981 182 1064 στέραν
201 984 235 1045 ὲκ
256 976 380 1061 τούτου,
405 977 559 1061 παράλιος
572 975 661 1051 odon
680 987 735 1050 κατ’
752 984 806 1049 διά
821 989 913 1054 τοῦτο
935 989 1067 1073 δεομένη
1079 994 1156 1055 τισλ-

64 1087 131 1157 isis
149 1076 361 1159 ἐνοικούντων,
384 1079 438 1144 κατ’
457 1083 508 1144 ἵνα
527 1080 583 1163 την
604 1081 724 1167 άχοράν
748 1083 934 1168 πλήθουσαν
953 1083 1073 1167 ἔχουσα
1093 1088 1156 1152 τοῖν

34 1183 169 1256 ὄιόνόων
196 1177 340 1244 ἁπάντων
366 1180 411 1253 εἰς
438 1170 538 1262 eduis
567 1182 831 1262 εἰσκομιζομένων
847 1181 969 1260 πάντας
987 1184 1059 1273 ἕλκη
1077 1192 1153 1271 παρ’

62 1277 174 1367 ἑαυτῇ,
196 1281 418 1360 πραγματειῶν
431 1281 487 1342 καί
497 1279 764 1364 συναλλαημάτων
777 1282 925 1348 ἁπάντων
937 1286 1211 1366 μεταδιδοῦσαλοδ

63 1388 132 1455 τοῖς
151 1376 305 1464 χρῄζουσι
329 1376 383 1440 κατ’
402 1370 519 1460 inuris
539 1376 660 1466 ῥᾳδίως
673 1382 901 1459 πλουτιζουσα.

146 1472 208 1545 κά.
256 1473 379 1539 Τοότων
407 1467 467 1539 osis
498 1471 582 1540 οὕτω
610 1478 812 1560 προβάντων,
841 1479 896 1545 κατ’
914 1485 979 1547 τεόν
1002 1480 1153 1566 Τοάρκωε
1248 1477 1249 1481 ¹

62 1579 109 1651 εἰς
119 1577 243 1657 χιλίους
259 1573 502 1658 ἀριθμουμένων
512 1572 570 1657 την
586 1575 674 1641 πόλιν
685 1577 930 1666 κατειληφότων,
950 1584 1005 1646 κατ’
1025 1582 1154 1649 πάντων,

15 1677 166 1750 ιοοόκέας
186 1671 363 1748 καίναοός
393 1675 467 1737 α’ντί
495 1675 602 1739 οἰκιῶν
631 1673 828 1761 εἰληφότων,
860 1682 915 1744 κατ’
934 1680 1051 1761 άναμέξ
1067 1681 1149 1747 κατά

62 1779 172 1843 πάσαν
190 1770 245 1857 την
265 1771 356 1845 πόλιν
378 1769 538 1853 λαχόντων
560 1772 618 1856 την
637 1773 776 1859 οἱκησιν,
802 1775 821 1862 ἦ
844 1775 933 1852 πόλις
954 1774 1057 1864 οἵσπερ
1078 1783 1150 1846 τινά

59 1870 202 1957 πενθήρη
221 1873 341 1955 χιτῶνα
355 1869 411 1955 τὴν
425 1872 580 1953 α’κοσμόαν
592 1871 803 1956 περιεβάλετο,
823 1880 878 1964 τῆς
899 1877 1098 1961 εόπρεπειλτς,
1111 1872 1150 1964 ἧς

59 1966 101 2038 άν
113 1971 206 2056 ἔτυχε
219 1976 274 2056 τῆς
294 1974 391 2054 κακῆς
404 1974 586 2054 συμβουλῆς
596 1971 643 2056 μὴ
656 1970 765 2057 χάραν
777 1970 939 2059 εόροόσης,
953 1980 1150 2065 α’ρηρημένη,

60 2072 116 2136 καί
137 2072 191 2137 τόν
202 2066 382 2152 στολισμόν,
398 2067 435 2133 όν
449 2071 505 2134 oris
520 2074 565 2148 εἰς
577 2071 705 2154 μακράν
723 2070 817 2161 έσχεν
833 2067 881 2156 cis,
893 2079 1058 2160 δυστυχῶς
1070 2072 1152 2163 dyas

13 2173 279 2253 τόάασβαλοάσα,
303 2172 358 2235 κατ’
378 2166 531 2234 στένουσα
553 2163 619 2237 οἷον
637 2175 706 2253 μετ’
727 2169 937 2258 οἰμωγῆςότι
955 2176 1000 2259 μη
1021 2178 1153 2260 σεισμός

58 2268 181 2353 ταύτην
210 2271 389 2351 συνέχωσεν
417 2264 440 2351 ἢ
460 2272 524 2351 πῦρ
553 2260 782 2353 παρανάλωσεν
800 2267 822 2357 ἢ
841 2268 929 2355 όὸωρ
952 2270 1152 2360 duodo-‘lissi

59 2370 232 2454 νεφελόθεν
246 2367 342 2453 ῥαχέν
356 2365 557 2448 συνεκάλυψε
572 2371 627 2432 καί
646 2373 829 2436 κατέκλυσε·
869 2379 959 2438 τοῦτο
987 2375 1049 2458 γάρ
1078 2378 1153 2442 αὐε-

58 2465 214 2551 κτότερον,
237 2469 308 2531 έτιεό
328 2469 380 2532 τοτ’
396 2489 431 2549 με
456 2468 578 2547 βέλτιον
603 2470 661 2532 τοῦ
686 2468 833 2554 τοιαύτην
853 2465 992 2554 ὁρᾶσθαι
1022 2471 1059 2537 τό
1075 2477 1151 2559 μηδ’

58 2567 205 2633 ὁπωσοῦν
225 2566 280 2631 έτιί
297 2570 353 2650 γῆς
380 2563 518 2631 ἑστάναι.
574 2563 684 2647 οἱμὲν
706 2560 762 2630 σόν
794 2571 857 2632 τῶν
876 2567 969 2654 ἱεράν
993 2569 1085 2638 οἴκων
1105 2575 1152 2648 εἰς

8 2692 48 2737 20
59 2665 149 2730 κοινά
169 2663 350 2748 καταχάγια
378 2669 669 2750 μετημεέφθεισαν,
691 2661 796 2751 τόσπερ
818 2665 1016 2751 εἰρήκειμεν,
1037 2671 1094 2735 κατ’
1111 2672 1152 2738 τό,

56 2763 251 2848 προφητικὸν
274 2767 383 2845 εἰπεῖν,
402 2766 437 2829 έν
453 2769 575 2841 πελέκει
588 2762 643 2828 καό
659 2767 850 2854 λαξευτηρόρι
869 2764 909 2831 τά
932 2766 1149 2851 θυσιαστήρια

55 2867 114 2928 τοῦ
135 2869 215 2929 θεοῦ
245 2869 495 2949 κατεβέβληντο·
546 2861 574 2928 οἱ
605 2867 642 2930 δέ
662 2865 799 2946 λείψανα
826 2866 922 2947 μόνον
943 2869 1000 2932 τοῦ
1022 2866 1148 2951 προότομ

54 2964 191 3040 κάλλους
223 2962 404 3037 αὐτῶνκαὶ
429 2967 485 3048 τῆς
507 2967 627 3042 θέσεως
656 2963 886 3059 άποσάζουσιν.
928 2964 1005 3033 ἔνιοι
1027 2969 1072 3052 δέ,
1094 2972 1150 3035 sni

56 3176 155 3237 luerat,
176 3174 346 3227 dediderunt.
384 3174 463 3227 umbo
482 3175 548 3228 hacc
568 3177 670 3247 itsque,
688 3185 719 3230 ut
737 3178 843 3247 opinor,
864 3177 982 3230 Murntes
1000 3177 1147 3234 meditatus

55 3256 99 3300 est
119 3248 202 3298 etita
220 3246 277 3296 fieri
298 3245 383 3306 iussit,
400 3254 457 3298 tum
476 3257 507 3298 ut
524 3250 668 3301 securitate
687 3257 715 3306 et
736 3249 857 3300 custodis
876 3250 958 3315 magis
978 3249 1031 3299 fids
1052 3249 1146 3302 urbem

53 3318 234 3372 communiret
252 3317 412 3370 maritimam
434 3316 551 3387 ideoque
572 3319 665 3370 multis
693 3328 817 3384 egentem
841 3319 1060 3382 habitatoribus,
1090 3328 1146 3373 turn

53 3398 88 3442 nt
107 3389 165 3440 l'oro
184 3388 304 3439 omnium
323 3405 411 3439 rerum
429 3387 595 3441 abundantis
614 3389 827 3451 circumfluenti‚
847 3389 986 3440 venalibus
1002 3388 1146 3458 undequu-

53 3477 110 3531 qus
126 3459 277 3519 convectis,
296 3476 388 3510 omnes
406 3459 469 3510 urbs
488 3459 523 3510 ad
548 3477 577 3512 se
596 3458 725 3520 traheret,
744 3470 773 3510 et
790 3461 946 3511 mercaturis
964 3463 1147 3514 commerciis-

52 3548 110 3601 que
131 3530 248 3583 diversas
272 3531 397 3582 nationes
422 3529 577 3599 indigentes
604 3533 778 3585 commiscens
798 3547 835 3584 ,es
852 3530 929 3583 facili
946 3531 1005 3600 ipsa
1024 3532 1145 3584 collocu-

51 3603 159 3674 plstuts
176 3600 329 3653 ditesceret.

124 3687 169 3723 nr.
205 3672 253 3723 llis
271 3672 365 3741 itaque
394 3668 446 3723 boc
475 3669 557 3722 modo
583 3670 710 3738 digestis,
736 3686 796 3722 curn
813 3671 916 3723 Tuscae
935 3671 1010 3722 rnille
1029 3688 1143 3725 nurnero

51 3742 191 3795 civitatem
226 3750 402 3811 occupassent
434 3747 464 3793 et
497 3743 616 3792 omnium
644 3740 736 3793 domos
764 3759 796 3792 nc
820 3742 923 3809 templa
949 3759 999 3811 pro
1032 3741 1144 3796 lsabits-

50 3815 130 3866 tione
151 3813 328 3882 accepissent,
355 3827 405 3863 nec
427 3828 483 3863 non
528 3812 658 3864 romiscne
680 3829 729 3881 per
751 3812 902 3864 universam
926 3812 1021 3866 urbem
1048 3814 1141 3868 sedern

53 3885 197 3944 locsssent,
215 3883 317 3945 civitas,
336 3883 420 3934 veluti
442 3829 548 3949 lugubri
565 3884 673 3945 amictu,
692 3882 853 3939 confusione
868 3891 950 3953 utque
968 3884 1148 3956 immunditie

47 3954 251 4019 circumvestitn
270 3963 325 4016 est,
343 3970 393 4004 suo
416 3952 530 4014 decore,
558 3971 638 4023 quern
655 3954 751 4024 ntique
770 3962 914 4007 consecuta
932 3954 1028 4007 fuisset
1045 3958 1067 4006 si
1085 3974 1143 4008 rnn-

51 4026 110 4077 lurn
130 4025 274 4077 consilium
296 4026 383 4075 locum
405 4041 460 4076 non
478 4022 632 4088 habuisset,
658 4025 791 4093 spoliata,
812 4035 841 4076 et
858 4035 964 4088 ornatu,
987 4043 1068 4095 quem
1085 4043 1143 4079 non

51 4098 140 4148 multo
170 4105 234 4165 post
250 4093 428 4164 possedisset,
454 4093 561 4156 orbato,
588 4102 616 4147 et
640 4113 694 4147 non
715 4096 774 4147 siue
792 4097 892 4165 gemitu
911 4096 1047 4164 suspirans
1067 4097 1143 4165 quod

52 4176 205 4221 nutterrse
233 4174 324 4218 motus
351 4183 407 4217 non
429 4166 617 4227 absorbuerit,
645 4175 692 4218 aut
713 4167 782 4234 ignis
807 4183 862 4219 non
887 4166 1074 4235 absumpserit,
1093 4176 1142 4219 sut

52 4253 126 4307 squs
144 4236 269 4289 alicunde
296 4252 440 4304 erumpens
463 4235 506 4287 vel
531 4252 545 4287 s
564 4235 683 4289 nubibus
703 4235 831 4289 decidens
852 4251 907 4288 non
921 4236 1092 4306 cooperuerit
1112 4246 1141 4290 et

52 4307 244 4361 inundaverit:
264 4308 316 4360 boc
336 4307 409 4358 enirn
428 4306 599 4359 tolerabilius
619 4307 730 4371 suisset,
750 4307 859 4377 quando
878 4306 964 4357 multo
983 4307 1080 4359 melius
1100 4318 1142 4361 est

52 4396 114 4432 εισι
132 4395 265 4448 nusqunrn
294 4385 398 4430 exstare
447 4394 506 4427 unm
525 4377 578 4428 boc
595 4377 677 4430 modo
694 4379 764 4429 visui
781 4376 920 4429 bominum
939 4376 1030 4429 obiici.
1066 4395 1141 4433 τοττι

52 4450 137 4519 igitur
154 4451 256 4518 templu
267 4450 294 4502 in
306 4449 416 4518 publica
426 4394 573 4500 diversoria
584 4449 724 4501 immutata
738 4457 809 4510 sunt,
828 4457 859 4499 nt
875 4457 1075 4516 praenarratusn
1089 4459 1140 4516 est,

52 4530 82 4575 et
102 4530 134 4575 ut
152 4536 213 4574 cuns
231 4519 364 4591 propbeta
383 4521 488 4592 loquor,
505 4519 633 4572 insecuri
653 4529 681 4572 et
698 4519 771 4572 sscia
787 4518 832 4572 dei
849 4519 1037 4591 propitiatoris
1054 4519 1138 4576 disis-
