2782 5100
229 241 284 326 88
542 269 713 333 cronon
743 267 988 334 υιιαλυτυλο

227 416 375 504 άδελφῶν
392 416 515 482 πάντων
538 415 731 501 φοβούμενος
754 417 865 502 φυγάν
887 411 986 502 ἦλθεν
1004 414 1039 483 ἔν
1049 440 1110 483 τινι
1133 417 1218 506 τάπερ
1236 421 1321 502 μετά

225 543 309 594 τινος
329 521 472 600 τεχνίτου
498 519 672 596 τοξοποιοά,
695 514 750 580 καί
769 520 838 581 ἐκεῖ
853 516 1016 597 μισθωτὸς
1037 517 1176 601 ἐγένετο,
1198 519 1251 584 ἵνα
1271 516 1320 603 μὴ

224 619 353 705 γνωσθῇ
367 623 432 690 τοῖς
446 615 607 701 ἀδελφοῖς·
631 616 820 699 άνδρυνθεὶς
831 617 867 680 δὲ
876 616 915 702 τῇ
926 616 1031 704 ἦλικίρ
1043 615 1148 701 ὀλίγον
1156 616 1239 699 μετά
1250 640 1320 683 τοι.

224 719 321 800 αὑτης
331 719 511 796 κακουχίας,
524 714 656 797 θεωρῶν
669 712 770 789 οὕτως
779 711 893 799 ἔχοντα
907 714 947 779 τά
962 713 1143 800 πράγματα,
1153 715 1209 781 καί
1220 713 1321 794 ατῖτδς

223 819 264 908 τῇ
283 819 340 898 τῆς
359 813 456 897 τάχης
477 817 564 898 φορρῖ
582 811 783 897 χρησάμενος
800 816 903 879 ταῦτα
923 816 1143 897 συλλογίζεται
1162 817 1218 879 καί
1236 813 1351 899 πρόςὸ

222 917 277 978 τὸν
301 913 427 997 οἷμηράν
443 911 644 997 Καραμάνον
664 914 698 978 δν
716 916 758 1000 τῇ
779 912 995 978 Καππαδοκία
1014 910 1143 999 ἔρχεται
1162 912 1320 999 βοήθειαν

224 1014 332 1076 αἰτῶν.
384 1009 439 1075 καί
468 1008 486 1073 δ
519 1004 647 1094 οἷμηράς
671 1011 870 1097 Καραμάνος
905 1012 1072 1094 δεξάμενος
1096 1008 1195 1077 οδτδν
1215 1009 1321 1098 ἡδίους

194 1109 280 1182 Bana*
292 1117 389 1194 χεῖρα
408 1106 514 1188 dadone
533 1110 664 1195 ἐξῆλθεν
683 1102 776 1186 οὗτος
794 1109 876 1175 κατά
892 1113 951 1177 τοῦ
971 1113 1176 1197 αάταδὲλφου
1197 1115 1318 1197 Monoi.

223 1207 351 1293 πρώτης
372 1207 428 1274 καί
447 1210 599 1295 δευτέρας
621 1208 728 1295 μάχης
744 1213 909 1295 γενομένης
932 1205 949 1273 ὅ
970 1212 1030 1276 τοῦ
1049 1211 1159 1295 Mucii
1182 1208 1320 1293 στρατδς

222 1309 419 1392 δοερίσχυσε
439 1306 497 1371 καί
521 1305 539 1370 δ
560 1310 728 1393 Μεεμέτης
750 1307 806 1373 καί
829 1305 999 1391 δστρατδς
1017 1310 1119 1373 orituri
1139 1311 1319 1393 διεσκορπί-
1333 1337 1371 1378 ιο

219 1412 356 1491 σθησαν.
397 1408 432 1469 εἰι
452 1409 558 1490 τρίτου
573 1409 609 1471 δὲ
625 1405 680 1492 την
698 1405 797 1491 τάχην
811 1405 1017 1492 λογισάμενος
1035 1407 1214 1489 δοκιμάσαι,
1235 1406 1320 1494 πρὸς

218 1502 274 1571 τάν
294 1509 350 1588 τῆς
371 1507 506 1586 Σερβίας
526 1508 582 1570 καί
601 1509 805 1591 Βουλγαρίοις
825 1506 984 1591 αὐθέντην
1011 1505 1067 1571 καί
1082 1505 1163 1591 πρδς
1182 1506 1237 1573 τάν
1256 1512 1320 1590 βα-

219 1606 312 1670 σιλέα
343 1602 446 1668 aii-‘ide
473 1604 628 1693 βοήθειαν
659 1608 791 1689 αἰτῆσαι
820 1610 896 1690 παρ’
926 1607 1046 1687 adesis,
1075 1608 1131 1671 καί
1158 1603 1321 1683 δάσαντες

220 1702 308 1790 adripi
338 1711 433 1786 χεῖρα
465 1701 577 1789 ἱκανὴν
609 1706 665 1769 καί
691 1702 826 1788 στρατδν
858 1707 989 1790 ἐξῆλθεν
1016 1697 1113 1784 αὖθις
1145 1703 1226 1771 κατά
1257 1709 1321 1771 τοῦ

220 1792 357 1883 Masuri?
398 1800 454 1871 καί
478 1804 586 1895 μάχης
618 1805 787 1887 γενομένης
815 1802 834 1869 a‘
857 1807 1027 1889 Μεεμέτης
1047 1799 1212 1888 άποτὴσας
1230 1800 1317 1885 μετά
1331 1812 1371 1877 15

219 1899 395 1987 χρημάτων
423 1899 557 1977 πολλοὺς
585 1905 649 1967 τάν
671 1903 804 1988 πράτοον
831 1900 1030 1994 στρατηγοάς
1050 1906 1106 1968 καί
1122 1899 1320 1988 κυβερνήτας

220 2003 280 2063 τοῦ
302 2003 421 2084 Μωσῆ,
442 2001 579 2087 α’φὲντες
599 1998 696 2066 ου’τδν
709 1999 827 2088 ἔφυγον
843 2001 924 2088 πρὸς
946 1999 1196 2087 τδνΜεεμέτην.
1238 2000 1257 2066 δ
1278 2004 1320 2070 δὲ

220 2101 347 2183 Μωσῆς
368 2099 446 2165 ἰδών
473 2098 528 2166 καί
546 2097 640 2176 αὐτὸς
666 2103 712 2176 εἰς
733 2099 840 2185 φογην
859 2103 979 2188 ἐτράπη
999 2104 1056 2168 καί
1074 2100 1179 2167 ἒλδάν
1197 2098 1233 2167 ἔν
1251 2126 1319 2167 τινι

219 2199 306 2286 τόπῳ
327 2200 445 2266 diuidet
469 2199 606 2289 ἐκρύβη·
648 2197 685 2266 ὃν
706 2197 809 2285 εάράν
821 2226 871 2280 τις
892 2200 1068 2287 στρατηγὸς
1086 2204 1142 2268 τοῦ
1160 2205 1319 2291 Μεεμίτη

219 2299 288 2371 ἐκεῖ
304 2301 451 2378 α’πέπνιξε
470 2304 640 2387 προστάξει
661 2303 722 2367 τοῦ
742 2301 898 2368 asi-‘iinon
920 2301 1030 2367 αὑτοῦ.
1073 2298 1195 2385 ἐστάθη
1216 2293 1273 2365 οὖν
1293 2300 1367 2386 vizo

219 2504 286 2573 λοις
306 2509 371 2574 τοῖς
387 2502 556 2584 τέσσαρσιν
577 2498 729 2586 ἀδελφοῖς
759 2497 813 2584 ἔτη
835 2500 910 2584 τρία
936 2498 992 2564 καί
1009 2502 1109 2583 μῆνας
1129 2498 1207 2578 δάο,
1227 2501 1315 2585 (30.)

219 2599 386 2680 Μεεμέτης
417 2598 454 2661 δὲ
485 2595 638 2684 ἐγκρατὴς
669 2599 773 2683 πάσης
795 2601 850 2685 τῆς
880 2599 981 2684 άρχῆς
1001 2598 1057 2662 καί
1074 2598 1239 2680 βασιλείας
1257 2598 1318 2681 τῆς

288 2790 313 2824 a.
331 2772 380 2824 καὶ
398 2772 457 2826 ἐκεῖ
471 2772 552 2824 omP
640 2772 664 2824 5.
682 2773 853 2845 λογίζεταιΡ
934 2789 973 2842 17.
993 2772 1163 2845 μεχεμίτην,
1180 2768 1196 2827 δ
1214 2768 1245 2824 δὲ
1261 2785 1368 2841 με..

284 2845 402 2912 χεμέτης
417 2841 614 2964 ὑπερίσχυσεν.
635 2836 706 2899 idcir
723 2845 753 2897 dt
776 2845 811 2908 P,
828 2843 933 2895 omissis
951 2848 1000 2898 καὶ
1018 2838 1102 2903 αὐτὸς
1187 2857 1230 2892 aa.
1248 2845 1315 2895 τέσ-

288 2926 395 2981 σαρσιν
412 2929 457 2964 σοι
578 2913 631 2985 ὅση
647 2917 715 2984 περὶ
732 2913 782 2967 τοῦ
799 2918 932 2987 μεεμίτοο
950 2916 979 2980 Ρ,
999 2915 1048 2987 qui
1065 2914 1134 2968 alias
1150 2916 1313 2988 μεχεμίτοε,

286 2983 417 3055 περὶτῆς
434 2985 577 3055 βασιλείας
588 2990 715 3058 Μεεμέτη
734 2985 771 3039 Μ.

217 3143 346 3205 fratribus
372 3145 562 3199 innotesceret
591 3153 682 3198 aetate
700 3145 784 3215 paulo
802 3144 930 3214 grandior
947 3145 1034 3197 iactus
1052 3145 1082 3196 in
1109 3143 1158 3197 vili
1179 3142 1312 3196 haccon-

218 3212 342 3277 ditione,
359 3232 441 3285 quum
459 3235 547 3267 rerurn
565 3224 665 3268 statum
685 3215 900 3280 considerasset,
928 3217 988 3286 ipse
1008 3231 1119 3286 quoque
1136 3215 1261 3266 fortunae
1280 3231 1314 3267 se

216 3286 356 3352 permisit,
376 3296 404 3339 et
422 3286 456 3338 ad
470 3287 643 3338 Caramanum
658 3304 776 3338 arueram
796 3287 825 3339 iu
846 3287 1042 3356 Cappadociam
1062 3286 1234 3354 confugiens,
1252 3284 1314 3337 eius

217 3354 349 3405 auxilium
367 3357 507 3424 implorat:
527 3360 611 3409 amice
622 3357 656 3408 ab
671 3375 702 3409 co
718 3365 843 3426 receptus
856 3368 884 3411 et
894 3360 1040 3410 instructus
1062 3356 1162 3424 copiis,
1180 3353 1314 3407 adversus

215 3423 319 3474 Mosern
334 3425 443 3477 fratrem
460 3429 646 3496 proficiscitur.
663 3440 666 3446 '
685 3436 797 3498 atquee
815 3427 1027 3498 primoquidem
1046 3435 1074 3478 et
1092 3425 1211 3478 secundo
1229 3441 1314 3494 proe-

216 3494 256 3545 lio
275 3496 358 3545 Mosis
386 3498 519 3549 exercitus
538 3500 660 3567 superior
690 3499 830 3561 discessit,
853 3500 1019 3555 Meheuaetes
1044 3498 1156 3566 eiusque
1177 3496 1314 3548 exercitus

215 3565 301 3631 fugati
322 3575 399 3629 sunt,
420 3568 468 3617 scd
487 3571 597 3619 tertium
615 3570 751 3636 fortunam
776 3569 967 3637 experiendam
985 3585 1042 3620 esse
1061 3576 1142 3631 ratus,
1161 3567 1314 3635 principem

215 3635 326 3686 Sessias
346 3644 373 3686 et
393 3638 533 3704 Buigariae
553 3647 581 3689 ot
594 3640 784 3707 imperatorem
803 3638 871 3691 adiit
882 3655 1029 3708 corumque
1046 3638 1203 3707 impioravit
1220 3652 1313 3705 opem,

213 3713 297 3774 atquc
318 3708 436 3774 acceptis
456 3707 543 3758 abiis
569 3711 656 3778 copiis
691 3710 812 3772 idoneis,
833 3710 922 3761 denuo
951 3710 1078 3760 adversus
1097 3707 1200 3759 Mesena
1221 3706 1312 3760 drrxit.

212 3777 319 3848 proelio
339 3778 425 3841 inito,
445 3795 460 3829 e
479 3779 612 3847 primariis
626 3780 711 3831 'multi
730 3779 812 3831 duces
830 3782 1058 3849 centurionesque
1074 3779 1174 3842 Musis,
1192 3779 1312 3846 pecunia

212 3864 228 3897 a
246 3846 400 3898 Mehemete
421 3849 556 3917 corrupti,
579 3849 628 3900 ilio
649 3849 754 3913 relicto,
773 3849 809 3901 ad
835 3851 907 3903 hunc
927 3850 1121 3918 transfugiunt.
1150 3846 1205 3898 hoc
1223 3865 1313 3918 quum

212 3917 449 3975 animadvertisset
457 3919 561 3981 Moses,
579 3920 607 3969 in
624 3919 713 3988 fugam
726 3930 754 3972 ct
766 3923 825 3989 ipse
843 3938 997 3983 conversus,
1016 3921 1045 3971 in
1058 3921 1119 3970 loco
1137 3919 1236 3970 silvoso
1256 3916 1311 3970 de-

214 3986 303 4050 iituit,
329 3988 377 4039 sed
397 4006 413 4039 a
428 3989 497 4040 duce
513 3988 630 4058 quodam
647 3990 809 4043 Mehemetis
827 4000 958 4061 repertus,
974 3991 1054 4042 huius
1068 3990 1143 4040 iussu
1160 3992 1314 4042 suffocatus

214 4065 263 4116 est.
292 4066 397 4109 versata
429 4061 512 4125 igitur
535 4062 564 4111 iu
593 4059 746 4112 discrimine
767 4061 856 4112 suerat
875 4063 957 4113 huius
982 4061 1088 4131 imperii
1105 4060 1179 4110 salus
1196 4067 1314 4130 propter

18 4118 20 4126 '
109 4152 112 4161 ·
212 4128 355 4192 intestinas
375 4139 491 4199 ‹luatuor
509 4130 622 4183 fratrum
635 4131 783 4184 discordias
801 4150 886 4196 annos
904 4141 958 4186 tras
978 4141 1006 4185 et
1023 4148 1129 4184 menses
1143 4129 1222 4194 duos,
1239 4132 1313 4209 (30.)
