2844 5092
234 253 315 339 27²
547 251 721 316 cuounu
754 250 998 316 uuusumn

232 399 249 465 ὁ
273 401 381 478 πιστάς
407 388 582 482 καῖ’τίμιος
604 401 694 482 λαός,
716 403 820 476 καλῶς
842 398 951 466 οἴδατε
975 393 1025 464 iles
1046 395 1191 485 ἔφθασεν
1211 399 1232 482 ἧ
1255 391 1324 480 ὥρα

232 501 326 566 καὶὸ
347 499 463 585 ἐχθρὸς
496 501 551 584 τῆς
583 504 719 575 πίστεως
748 500 838 583 ἡμῶν
865 500 1013 581 βούλεται
1041 501 1093 564 λ’να
1120 497 1201 578 μετά
1222 496 1325 582 πάσης

231 603 344 685 τέχνης
365 602 419 664 καί
436 601 582 686 μηχανῆς
603 601 816 683 ἰσχυροτέρως
833 598 1054 685 στενοχωρὴση
1078 597 1175 683 ἡμᾶς,
1196 599 1252 663 καί
1267 599 1326 662 πό-

231 707 328 782 λεμον
348 697 490 787 σφοδρὸν
516 696 597 780 μετά
622 699 804 780 συμπλοκῆς
835 696 973 780 μεγάλης
1005 701 1061 761 καί
1088 694 1270 781 συρρήξεως
1289 699 1325 762 ἐκ

232 803 290 884 τῆς
308 802 427 884 χέρσου
448 798 504 862 καί
525 795 690 882 θαλάσσης
717 794 804 883 δαίσῃ
826 795 902 878 ἡμῖν
928 794 1011 876 μετά
1029 791 1132 880 πάσης
1147 796 1352 879 δονάμεως,5

232 898 295 977 ἵνα,
311 900 343 962 εί
363 895 506 977 δυνατόν,
528 891 572 971 οἷς
592 887 667 980 ὄφις
684 893 739 959 τόν
759 894 808 958 ἰὸν
827 895 945 980 ἑκχὺση
965 895 1024 957 καί
1042 892 1086 971 ὥς
1106 897 1185 959 λέων
1207 891 1325 980 α’νημε-

232 1018 289 1082 ρος
313 998 446 1083 καταπίῃ
469 994 563 1079 ἡμᾶς.
587 995 757 1080 [βιάζεται]
785 991 839 1056 διά
859 995 950 1058 τοῦτο
974 995 1054 1075 λέγω
1073 990 1129 1056 καί
1147 998 1326 1077 παρακαλῶ

232 1098 318 1177 ὑμᾶς
336 1097 388 1159 ἳνα
404 1098 497 1177 στῆτε
521 1091 674 1178 άνδρεάος
696 1094 752 1155 καί
780 1090 857 1173 μετά
879 1091 1022 1175 γενναίας
1042 1092 1160 1177 ψυχῆς,
1183 1089 1226 1169 uic
1245 1093 1325 1158 πάν-

231 1217 304 1261 τοτε
325 1194 385 1270 ἕως
402 1198 459 1257 τοῦ
489 1194 547 1257 νῦν
566 1192 746 1276 ἐποιήσατε,
769 1189 849 1256 κατά
879 1194 943 1255 τοῖν
965 1192 1094 1274 ἐχθροῖν
1114 1194 1172 1276 τῆς
1189 1197 1324 1269 πίστεως

231 1297 332 1379 ἡμῶν.
373 1292 579 1375 παραδίδωμι
601 1293 637 1355 δὲ
657 1285 735 1372 άμῖν
761 1289 819 1373 την
840 1287 1167 1377 ε’κλαμπροτάτηνκαί
1187 1297 1323 1378 περίφη·
1339 1311 1376 1365 so

231 1418 292 1474 μον
310 1390 430 1476 ταύτην
457 1388 547 1455 πάλιν
575 1392 636 1454 καί
653 1393 790 1476 πατρίδα
812 1389 903 1474 ἡμῶν
934 1390 990 1454 καί
1008 1387 1242 1473 βασιλεύουσαν
1260 1394 1325 1458 τῶν

232 1494 365 1556 πόλεων.
415 1493 520 1563 καλοῖς
542 1482 600 1554 οὖν
621 1486 736 1569 οἴδατε,
764 1487 917 1573 άδελφοί,
944 1485 994 1553 iu
1017 1486 1072 1554 διά
1093 1486 1235 1575 τέσσαρά
1252 1515 1325 1554 τινα

197 1590 389 1675 Βάφειλέται
416 1591 528 1662 κοιναῖς
558 1589 653 1667 ἐσμὲν
678 1584 791 1661 πάντες
817 1591 870 1651 ίνα
891 1585 1134 1671 προτιμησωμεν
1150 1590 1326 1654 άποδανιΐν

229 1695 351 1770 μᾶλλον
372 1680 394 1771 ἢ
416 1690 485 1770 ζῆν,
509 1689 706 1770 πρῶτονμὲν
723 1687 803 1771 ὑπὲρ
824 1688 880 1770 τῆς
900 1691 1035 1763 πίστεως
1050 1684 1139 1773 ἡμῶν
1156 1690 1212 1753 καί
1231 1689 1327 1754 εάσε-

228 1793 340 1872 γλείας,
369 1785 517 1869 δεύτερον
547 1787 583 1849 δὲ
603 1784 684 1869 ὑπὲρ
704 1787 762 1869 τῆς
784 1787 953 1868 πατρίδος,
977 1787 1084 1870 τρίταν
1106 1790 1142 1852 δὲ
1161 1787 1244 1871 ὑπὲρ
1264 1791 1326 1852 τοῦ
1338 1801 1377 1864 15

228 1887 386 1971 βασιλέως
420 1881 463 1961 nic
484 1887 622 1968 χριστοῦ
641 1886 774 1967 κυρίου,
801 1886 858 1947 καί
887 1889 1040 1969 τέταρτον
1064 1882 1145 1970 ὑπὲρ
1154 1891 1326 1970 ’συγγενῶν
1381 1967 1383 1971 ¹

229 1986 285 2051 καί
304 1989 416 2072 φιλων.
458 1982 576 2066 λοιπόν,
598 1985 748 2069 άδελφοί,
781 1980 839 2048 ἐάν
857 1986 1023 2068 χρεῶσταί
1039 1985 1134 2066 ἐσμεν
1155 1985 1234 2070 ὑπὲρ
1255 1982 1325 2063 ἑνὸς

229 2087 343 2151 ἐκτῶν
374 2080 538 2169 τεσσάρων
566 2086 779 2166 άγωνιζεσθαι
809 2083 868 2158 ἕως
891 2084 1056 2167 θανάτου,
1078 2088 1183 2174 πολλιηῖ
1202 2089 1324 2166 μᾶλλον

228 2184 311 2268 ὑπὲρ
342 2182 469 2249 πάντων
490 2183 608 2247 τούτων
629 2179 741 2265 ἡμεῖς,
772 2180 815 2256 nic
835 2187 968 2263 βλέπετε
986 2188 1179 2270 προφανῶς,
1213 2185 1268 2248 καί
1286 2187 1324 2249 ἐκ

228 2281 355 2349 πάντων
384 2289 540 2365 μέλλομεν
563 2283 772 2365 ζημιωθῆναι.
821 2279 878 2345 ἐάν
907 2281 961 2345 διά
993 2279 1033 2346 τά
1054 2281 1117 2363 ἐμά
1137 2280 1375 2367 nissimi-20

226 2408 315 2464 ματα
336 2381 554 2468 παραχωρηση
579 2379 596 2444 δ
618 2381 695 2456 θεὸς
714 2377 772 2464 την
791 2381 878 2463 νίκην
895 2388 960 2456 τοῖς
980 2381 1140 2464 ἀσεβέσιν,
1162 2377 1244 2465 ὑπὲρ
1265 2387 1323 2468 τῆς

228 2485 364 2556 πίστεως
396 2477 487 2566 ἡμῶν
514 2484 569 2566 τῆς
603 2478 715 2578 άγίας,
741 2477 780 2563 ἣν
799 2477 940 2564 Χριστὸς
962 2482 998 2546 ἐν
1021 2483 1066 2570 τη]
1088 2477 1191 2571 οίκείφ
1209 2484 1324 2564 αἵματι

303 2690 343 2726 ιο.
364 2664 415 2740 την
430 2672 538 2740 κλεινάν
555 2689 583 2727 τε
607 2676 656 2726 καλ
673 2677 838 2748 περίφημον
865 2676 914 2727 καὶ
933 2669 1026 2742 εὐκλεῆ
1042 2674 1145 2742 ταύτην
1164 2676 1214 2728 καλ
1228 2691 1320 2748 μεγα-

297 2746 521 2817 λοπρεπεστάτην
542 2749 590 2797 καὶ
610 2741 709 2815 εὐγενῆ
725 2743 823 2808 πόλιν,
849 2742 900 2811 την
926 2743 1014 2805 ὄντως
1039 2746 1267 2820 ἐκλαμπροτδτην
1290 2762 1320 2801 τε

297 2820 346 2871 καὶ
362 2813 571 2886 βασιλεύουσαν
588 2815 645 2871 τάν
661 2814 774 2873 πόλεων
791 2813 872 2887 ἡμῶν
888 2815 1013 2889 πατρίδα
1031 2815 1050 2869 P

227 2988 329 3040 milites
342 2985 494 3049 clarissimi,
514 2983 712 3038 commilitones
736 2985 932 3054 generosissisni
954 2992 982 3038 et
994 3002 1087 3039 omnes
1103 2985 1198 3039 fisleles
1219 2996 1249 3041 et
1267 2986 1317 3040 ho·

226 3059 342 3113 uorandi
361 3057 444 3110 cives!
462 3056 547 3127 probe
568 3057 666 3120 nostis,
684 3058 790 3108 senisse
809 3065 930 3125 tempus,
948 3073 1002 3126 quo
1021 3057 1086 3109 lidei
1104 3067 1212 3111 nostrae
1229 3057 1316 3112 hostis

226 3129 352 3186 omnibns
372 3128 476 3180 artibus
494 3135 523 3180 et
538 3124 670 3178 machinis
688 3126 877 3179 vehementius
894 3143 944 3178 nos
969 3145 1080 3197 urgere,
1108 3137 1137 3181 et
1156 3145 1235 3198 grave
1253 3128 1316 3182 bel·

226 3201 284 3252 lum
302 3216 398 3268 magno
415 3199 539 3250 conflictu
558 3206 587 3250 et
604 3198 752 3249 certamine
772 3206 844 3250 terra
867 3199 990 3267 morique
1016 3216 1119 3250 summa
1139 3201 1317 3253 contentione

225 3271 306 3324 nobis
322 3271 422 3322 inferre
441 3270 568 3332 decrevit,
586 3276 627 3331 ut,
647 3269 670 3319 si
688 3266 783 3338 possit,
800 3278 928 3338 tauquam
944 3270 1050 3337 anguis,
1068 3285 1201 3322 venenum
1219 3272 1247 3321 iu
1264 3288 1332 3323 nos-

227 3341 357 3402 effnndst,
378 3349 415 3403 et,
432 3349 560 3410 tanquam
576 3340 686 3391 immitis
707 3339 760 3400 leo,
778 3357 828 3392 uos
852 3338 973 3392 devoret.
991 3356 1075 3409 qunre
1093 3357 1157 3409 rogo
1175 3349 1204 3393 et
1221 3342 1317 3394 hortor

226 3429 284 3476 vos,
301 3420 332 3463 ut
350 3413 413 3463 lorti
429 3414 605 3479 et'generoso
623 3411 722 3473 animo,
739 3409 808 3461 sicut
821 3409 961 3480 hucusque
973 3426 1079 3480 semper
1100 3411 1210 3474 lecistis,
1227 3411 1317 3464 hosti·

226 3482 277 3535 bus
306 3481 372 3533 lidci
395 3490 503 3532 nostrae
529 3481 666 3533 resistetis.
694 3479 771 3532 trado
798 3488 826 3532 et
852 3478 1013 3532 commendo
1042 3482 1120 3535 robis
1140 3482 1317 3535 clarissimam

226 3553 297 3605 huno
314 3560 343 3604 et
360 3551 491 3603 illustrem
509 3549 622 3614 urbem,
648 3551 762 3620 petrium
780 3558 919 3613 nostram,
938 3560 966 3603 et
984 3552 1103 3620 reginem
1121 3552 1239 3607 urbium.
1257 3571 1316 3606 non

226 3623 371 3692 ignoratis,
387 3622 498 3684 iratres,
517 3631 635 3690 qustuor
651 3622 808 3674 nominibus
825 3623 1004 3673 communiter
1020 3640 1113 3675 omues
1131 3640 1181 3675 nos
1201 3633 1317 3676 mortem

224 3697 297 3746 sitse
317 3701 484 3762 anteponere
501 3691 610 3755 debere,
628 3695 742 3762 primum
758 3708 808 3763 pro
827 3691 881 3743 fide
900 3698 929 3743 et
945 3693 1064 3760 pietate,
1083 3693 1183 3746 deiude
1203 3712 1253 3764 pro
1265 3713 1318 3765 pe-

226 3767 288 3830 tria,
308 3771 365 3815 tum
382 3779 431 3834 pro
451 3763 612 3832 imperatore
630 3771 662 3814 nt
673 3770 755 3814 uncto
772 3779 848 3813 servo
866 3761 978 3827 domiui,
995 3774 1131 3832 postremo
1148 3782 1196 3834 pro
1215 3782 1318 3834 cogun-

226 3838 262 3888 tis
282 3843 311 3888 et
327 3834 428 3886 amicis.
454 3832 566 3903 quodsi,
584 3833 694 3896 iratres,
714 3849 763 3901 pro
791 3849 845 3883 una
865 3831 960 3883 herum
979 3843 1097 3904 quatuor
1115 3853 1202 3886 rerum
1220 3835 1319 3889 decer-

226 3916 284 3958 tsre
311 3921 399 3976 usque
430 3902 465 3955 nd
501 3920 594 3955 necem
620 3903 769 3966 debemus,
792 3904 878 3955 multo
903 3904 1004 3972 magis,
1030 3914 1062 3957 ut
1093 3907 1200 3976 liquido
1231 3925 1318 3978 apps-

227 3985 288 4039 ret,
337 3994 365 4028 ro
387 3975 429 4027 his
454 3975 580 4026 omuibus
606 3983 719 4027 mortem
747 3990 801 4025 nou
829 3973 1022 4028 recusabimus.
1044 3977 1068 4027 si
1086 3985 1197 4046 propter
1214 3978 1317 4031 delicta

227 4062 288 4100 mes
326 4064 373 4099 eus
394 4046 532 4099 victoriam
559 4047 647 4114 impiis
671 4044 852 4107 concesserit,
874 4046 903 4096 iu
931 4055 1022 4097 ssncta
1039 4045 1092 4097 fide
1112 4056 1215 4112 nostra,
1233 4066 1317 4119 quam

227 4118 348 4173 Christus
365 4119 495 4188 sangnine
517 4132 565 4170 suo
592 4114 671 4171 nobis
687 4117 809 4190 paravit,
827 4115 1028 4187 periclitemur:
1052 4117 1081 4170 id
1099 4117 1316 4189 quodomnium
