2760 5092
241 249 326 335 302
562 236 1004 345 cronodromonis

238 425 440 491 θεοποιοῦσιν
461 422 491 490 οἱ
510 430 701 512 Χριστιανοὶ
720 428 779 513 τήν
795 428 959 508 θεοοόκσν,
989 431 1045 493 καί
1062 426 1109 495 δτι
1128 430 1216 496 ἐστίν
1234 432 1328 496 dtas*

238 524 284 612 φή
307 529 362 589 τοῦ
384 528 553 600 Μωυσέως
573 527 629 592 καί
646 527 777 613 Ἀαρών.

233 631 235 638 ’
325 624 370 690 Τά
399 622 457 689 κου’
484 625 636 710 τετάρτου
669 629 765 711 λόγου
784 625 945 713 κεφάλαιά
966 631 1029 693 sios
1048 628 1158 692 ταῦτα.
1200 632 1327 709 πρῶτον

235 716 284 786 ὅτι
306 717 503 812 άναληφθείς
516 728 562 800 εἰς
580 723 654 802 roric
674 723 856 810 ου’ρανοδςδ
872 720 1029 806 Μωάμεθ
1047 722 1122 809 ἔστη
1143 723 1327 808 ἔμπροσθεν

234 825 294 886 τοῦ
312 826 410 905 θεοῦ,
440 827 496 888 καί
515 822 648 908 άκήκοεν
669 820 730 889 ὅσα
753 828 808 889 καί
826 824 951 909 άκήκοε,
975 827 1031 890 καί
1052 818 1149 899 αὖθις
1168 829 1353 908 sordidari

234 923 269 986 ἐν
288 924 329 1008 τῇ
346 924 396 1008 γῇ.
438 917 586 1007 δεάτεράν
604 919 655 987 ὅτι
676 922 705 988 οὶ
727 923 875 1005 δαίμονες
893 926 1040 1006 σωθῆναι
1050 927 1215 1003 μέλλουσι.
1256 930 1327 1007 τρί-

234 1030 299 1084 τοιἸ
311 1015 360 1087 ὅτι
379 1025 436 1086 τοῦ
455 1021 552 1106 κοράν
571 1020 629 1108 τήν
655 1019 799 1108 ἐξήγησιν
820 1017 926 1099 οὐδεὶς
941 1027 1005 1087 τῶν
1028 1017 1207 1107 άυθράπων
1227 1022 1325 1108 γινά.

233 1144 312 1203 nesi,
333 1122 403 1186 οὔδ’
422 1120 521 1198 αὐτὸς
543 1120 559 1185 ὅ
582 1121 746 1203 Μωάμεθ,
769 1122 838 1186 ἄλλ’
863 1115 883 1206 ή
903 1122 999 1203 μόνος
1021 1120 1038 1183 o‘
1058 1119 1147 1197 θεάς.

319 1222 429 1286 Ταῦτα
449 1213 506 1284 οὖν
525 1221 660 1304 ποιήσας
680 1220 733 1284 καί
752 1219 869 1295 ου’τοδς
888 1219 962 1296 τούς
984 1220 1117 1297 άθλίους
1137 1224 1193 1286 καί
1210 1229 1325 1287 παλαι.

232 1317 360 1403 πάρους
376 1318 562 1403 βαρβάρους
584 1320 723 1400 διδάξας,
749 1316 804 1382 καί
823 1317 954 1402 α’μαθής
965 1322 1021 1382 καί
1041 1317 1189 1402 ἄγροικος
1210 1317 1257 1386 σίν
1274 1325 1324 1385 δι·
1337 1347 1372 1389 ιο

232 1416 390 1494 δάσκαλος
421 1415 579 1502 ἐγεγόνει·
631 1420 687 1483 καί
710 1417 745 1482 τὸ
774 1417 872 1503 ῥητὸν
897 1418 1068 1502 ἐπληρώθη
1100 1421 1134 1482 ἐν
1153 1415 1265 1494 ἀὐτοῖς
1286 1421 1323 1486 sd

231 1519 320 1600 λίγον
334 1517 474 1603 “torpide
494 1515 617 1602 sopitis
635 1515 749 1600 ὁδηγεῖ,
770 1521 826 1581 καί
845 1514 1022 1601 άμφότεροι
1043 1521 1089 1591 οἷς
1105 1517 1222 1603 βάθρον
1246 1517 1323 1583 ἔπι·

230 1616 315 1682 σου.“’
356 1621 411 1681 καί
427 1616 518 1700 ἕτερα
537 1619 610 1699 τρία
637 1622 690 1680 καὶ
713 1617 788 1681 δέκα
809 1620 864 1680 καί
885 1612 996 1680 ἑκατὸν
1018 1615 1239 1700 συνεγράψατο
1258 1644 1324 1700 μυ-

229 1713 348 1799 θάρια,
376 1710 497 1803 ἑκάστην
516 1709 633 1781 τούτων
660 1706 760 1796 ὄνομα
780 1715 902 1789 ἐπιθείς
922 1708 1010 1792 άξιοκ
1030 1717 1089 1799 τῆς
1110 1717 1323 1794 α’παιδσυσάις

232 1815 334 1880 αὑτοῦ
344 1817 420 1879 ’καί
444 1818 659 1898 μωρολογίας,
690 1808 735 1879 dv
756 1816 809 1878 ἄπ’
834 1811 941 1878 aiacis
961 1812 1019 1895 τήν
1040 1815 1245 1898 α’καθαρσίυιν
1266 1817 1324 1882 καί
1336 1823 1372 1886 15

229 1915 387 1999 πρόδηλον
415 1914 578 1999 φλυαρίαν
603 1911 637 1979 τά
671 1911 885 1998 διηγήσασθαι
910 1910 992 1976 αυίά
1017 1911 1087 1977 ἴσον
1107 1912 1177 1977 ἐστι’
1195 1916 1239 2001 τῷ
1262 1913 1322 1999 τήν

229 2015 287 2078 τοῦ
312 2012 454 2095 Αὐγείου
475 2009 594 2098 κόπρον
619 2013 784 2094 ἐκκομίσαι
805 2009 891 2076 ’κατά
923 2009 981 2076 τὸν
995 2011 1166 2094 Ἡρακλέα.
1208 2012 1264 2078 καί
1283 2012 1319 2078 τά

227 2110 320 2187 ἔθνος
341 2108 426 2175 ἅπαν
447 2114 551 2186 κακῶς
570 2110 786 2198 σοφισάμενος
806 2114 861 2174 καί
882 2110 943 2195 v‘p'
962 2107 1075 2175 ἑαυτὸν
1096 2111 1320 2196 ποιησάμενος,

209 2215 283 2281 Ικαί
301 2213 471 2294 νομοθέτης
492 2205 598 2274 αὐτῶν
617 2209 760 2293 γεγονώς,
782 2204 852 2275 εἶτα
871 2213 927 2273 καί
939 2205 1044 2297 ἑαυτῷ
1063 2209 1238 2295 συνήγαγεν
1258 2208 1319 2276 δά·

225 2335 320 2392 ναμιν
340 2307 459 2394 ἱκανήν,
480 2307 538 2394 τήν
556 2332 588 2374 τε
609 2312 731 2393 Συρίαν
757 2314 862 2374 πᾶσαν
881 2311 1060 2392 κατέδραμε
1081 2309 1136 2372 καί
1154 2309 1368 2394 dispiciam„

226 2412 283 2474 καί
301 2405 421 2484 πολλάς
447 2406 559 2490 χώρας
576 2406 756 2489 Ῥωμαϊκὰς
782 2401 920 2474 ἐκάκωσε
942 2407 999 2471 καί
1017 2405 1163 2493 ἠφάνισα
1205 2408 1262 2475 καί
1281 2413 1319 2477 ἐν

226 2509 269 2596 τῷ
285 2512 412 2589 μέλλειν
439 2505 537 2571 ου’τδν
565 2511 717 2572 τελευτάν
737 2506 793 2572 καί
812 2505 891 2592 πρὸς
917 2504 973 2571 τάν
997 2511 1119 2591 πατέρα
1141 2503 1244 2573 αὑτοῦ
1259 2512 1318 2575 τόν

296 2702 322 2753 5.
343 2697 399 2754 ὅσα
417 2701 466 2752 καλ
490 2698 591 2764 ἀκήκοε
609 2698 702 2752 addA
804 2703 843 2755 13.
868 2699 999 2773 μυθάρια
1019 2700 1150 2770 ποιήσας,
1166 2699 1316 2775 tedoini>

297 2786 340 2823 ao.
363 2775 471 2842 Συρίας
488 2771 641 2828 θάλασσαν
658 2790 683 2827 κ.
701 2771 721 2823 Ρ

225 2938 291 2992 inde
311 2946 400 2990 autem
418 2937 477 3008 ipse
504 2955 616 3009 quoque
641 2939 788 2991 moriturus
806 2939 851 2989 sit.
896 2940 922 2990 8.
940 2938 1105 2993 Christianos
1123 2957 1172 3012 pro
1192 2939 1243 2993 dea
1261 2941 1313 2994 ha·

224 3011 289 3064 here
310 3010 455 3078 deiparam,
472 3010 572 3076 Moysis
592 3018 622 3061 et
638 3011 749 3062 daronis
769 3024 897 3062 sororem.

294 3081 369 3133 Libri
388 3081 475 3150 quarti
495 3083 581 3151 capita
598 3079 665 3132 haec
684 3089 755 3132 sunt.
796 3097 817 3130 r.
838 3088 974 3149 receptum
994 3082 1022 3131 in
1039 3080 1114 3132 coela
1127 3081 1311 3135 Mohametem

222 3164 310 3203 coram
328 3150 380 3203 deo
402 3151 554 3202 constitisse
572 3159 601 3202 et
616 3150 732 3214 audisse,
753 3166 824 3220 quae
842 3153 952 3203 undem
970 3166 1076 3220 cunque
1094 3151 1191 3215 audiit,
1209 3153 1313 3206 deinde

224 3240 313 3273 rursus
329 3220 502 3273 descendisse
520 3223 549 3272 in
568 3230 673 3274 terram.
718 3239 743 3272 a.
764 3221 909 3272 daemones
927 3222 1058 3273 salvatum
1078 3223 1121 3272 iri.
1158 3224 1183 3274 3.
1202 3225 1315 3277 corruis

222 3293 478 3362 interpretationem
498 3293 603 3343 nullum
630 3292 767 3345 hominem
787 3292 895 3355 callere,
922 3310 957 3344 ne
975 3294 1062 3362 ipsum
1081 3292 1193 3362 quidem
1211 3295 1312 3347 Moira·

220 3372 329 3425 mrtem,
348 3361 396 3414 sed
414 3363 500 3413 solum
521 3362 609 3414 deum.

292 3433 364 3485 Haec
378 3450 459 3504 quum
479 3434 580 3485 faceret
598 3441 625 3486 et
640 3434 750 3486 doceret
766 3433 877 3484 miseros
896 3438 925 3484 et
941 3431 1065 3484 infelices
1085 3430 1223 3497 barbaros,
1242 3436 1312 3490 lieet

220 3502 294 3554 rudis
313 3512 341 3554 et
359 3505 469 3571 agrestis
486 3502 576 3566 homo,
597 3521 689 3556 eorum
708 3505 835 3573 magister
852 3503 938 3555 iactus
954 3510 1007 3565 est,
1023 3511 1051 3553 et
1062 3503 1206 3571 probatum
1226 3507 1253 3556 in
1272 3508 1312 3560 iia

221 3583 262 3626 est
275 3573 388 3625 “caecus
414 3590 520 3625 caecum
548 3574 637 3636 ducit,
659 3583 687 3627 et
706 3583 819 3643 uterque
837 3574 867 3625 in
889 3575 989 3625 iossnrn
1005 3572 1129 3626 incidis?
1144 3575 1217 3626 idem
1239 3578 1309 3629 alias

219 3653 327 3697 centum
348 3644 441 3695 decern
460 3652 488 3695 et
504 3654 558 3696 tres
578 3646 682 3697 fabulas
710 3645 868 3713 composuit,
887 3643 986 3714 quibus
1003 3645 1114 3712 singulis
1135 3648 1247 3699 nomina
1264 3648 1314 3698 in«

218 3717 325 3784 scripsit
344 3715 449 3766 inscitia
468 3723 496 3765 et
513 3716 718 3784 vaniloquentia
737 3732 784 3766 sua
795 3714 959 3782 dignissima,
979 3728 1090 3783 qraerum
1109 3716 1132 3768 si
1157 3719 1221 3787 qais
1238 3719 1311 3771 vetis

219 3786 312 3838 sordes
331 3794 358 3837 et
384 3785 541 3837 manifestas
566 3803 648 3854 nugas
674 3801 848 3848 enumerare,
874 3785 952 3836 labor
970 3786 1077 3854 parilii
1099 3786 1179 3849 foret,
1197 3804 1254 3856 quo
1272 3805 1309 3842 ex

217 3860 320 3927 Augiae
338 3855 453 3907 stabulis
468 3865 585 3908 stercora
603 3856 736 3925 egerenda
758 3863 844 3918 erant,
862 3857 931 3908 sicut
955 3856 997 3908 esi
1016 3858 1045 3908 in
1062 3856 1164 3909 sabulis
1182 3856 1217 3909 de
1235 3859 1311 3911 ussa

218 3930 288 3980 eote.
307 3936 387 3996 gente
412 3927 494 3996 igitur
517 3928 587 3978 male
605 3929 672 3979 iatsa
697 3936 725 3979 et
742 3925 796 3977 sibi
816 3925 947 3988 subiecta,
965 3927 1105 3996 legislator
1123 3929 1244 3982 eiusdem
1262 3931 1309 3982 ia-

219 4007 288 4062 etus,
307 3999 398 4068 copias
417 3997 530 4049 idoneas
549 3997 601 4050 sibi
618 3998 732 4069 paravit,
752 4004 781 4049 et
798 4012 904 4049 omnem
922 3997 1023 4065 Syriam
1041 4000 1191 4070 permeavit
1209 4008 1238 4052 et
1252 3999 1311 4052 des-1
1335 4001 1336 4005 ’

218 4069 365 4139 populatus
385 4076 427 4120 est
446 4070 598 4138 multasque
617 4071 795 4121 Romanorum
819 4077 904 4119 terras
927 4070 1041 4120 vastavit
1059 4069 1310 4138 etpessnmdsdit·

219 4155 318 4211 quum,
337 4147 424 4193 morte
446 4141 580 4207 instante,
601 4139 639 4192 sd*
657 4149 763 4212 patrem
782 4154 874 4204 suum,
893 4146 1022 4205 satanam,
1037 4142 1202 4210 migratum
1220 4149 1309 4209 met,
