2760 5092
444 584 521 646 tro.
544 585 599 644 us.
634 580 724 646 etr.
745 584 829 643 vur.
1094 549 1176 666 287

83 750 206 832 λεμίοις
227 749 453 831 ἐσυμπλὲκετο.
496 750 553 812 καί
572 744 603 811 oi
622 740 806 830 ἐντυχόντες
825 743 880 809 καί
890 748 1058 827 βλέποντες
1080 745 1183 810 ilasi.

84 852 189 932 μαζον
206 851 283 931 περί
305 849 361 933 τῆς
384 844 495 930 ἰσχύος
517 849 574 911 καί
584 844 803 930 γενναιότητος
811 847 874 911 τῶν
884 845 1024 928 ἀρίστων
1044 843 1183 929 ἀνδρῶν.

85 952 144 1016 καί
162 951 212 1026 δίς
229 951 285 1013 καί
301 949 370 1034 τρίς
389 948 445 1032 τῆς
472 950 610 1031 ἐμβολῆς
634 944 690 1010 καί
707 943 888 1030 συρρηξεώς
911 967 946 1007 τι
966 944 1022 1008 καί
1040 952 1186 1025 συμπλο-

87 1051 145 1134 κῆς
172 1051 340 1132 γενομένης
368 1047 515 1131 μεγάλως
536 1044 612 1122 τούς
637 1048 762 1128 ἀσεβεῖς
786 1043 962 1128 ἐτρέψαντο
991 1044 1048 1108 καί
1065 1045 1187 1128 πλῆθος

56 1145 272 1215 Musarum»
284 1148 342 1212 καί
359 1142 487 1230 ἑτέρους
506 1143 542 1211 ix
561 1149 625 1210 suiv
637 1145 753 1229 τειχῶν
768 1144 1012 1228 οἷπεκρημνιζον,
1032 1145 1089 1209 καί
1101 1145 1186 1228 α’γω·

86 1248 246 1331 νιζόμενοι
266 1249 417 1333 σφοδρῶς
432 1248 488 1310 καί
507 1242 762 1327 συμπλεκόμενοι
776 1241 1030 1327 ἀπεκτάνθησαν,
1052 1244 1109 1307 καί
1126 1267 1186 1308 πο-

87 1346 146 1414 tls
167 1348 264 1434 φόνον
293 1347 340 1421 εἰς
370 1343 445 1422 τούς
465 1348 637 1427 πολεμίους
666 1341 808 1429 πρόποδ
833 1340 1009 1407 ἀποθανεῖν
1031 1345 1186 1428 ἐποίησαν

87 1443 200 1522 οὕτως.
250 1446 307 1510 καί
333 1443 440 1530 ἕτεροί
454 1467 537 1519 τινες
563 1446 763 1528 στρατιῶται
785 1443 843 1506 osia
864 1436 987 1525 ἆγενεΐς
1005 1439 1186 1525 μαχόμενοι

87 1549 123 1613 δν
142 1549 186 1633 τῷ
204 1542 290 1634 τόπερ
312 1546 420 1632 ἐκείνην
442 1542 498 1607 καί
517 1542 611 1608 αδτοί
627 1541 871 1626 ἀπεκτάνθησαν
892 1543 1025 1626 πλησίον
1046 1545 1104 1625 τῆς
1123 1543 1186 1606 πεί-

40 1653 144 1732 εολης
162 1645 222 1710 τοῦ
234 1644 326 1728 ἁγίου
343 1644 523 1726 Ῥωμανοῦ,
536 1638 615 1707 ὅπου
630 1640 687 1726 τὴν
705 1637 847 1725 ἑλὲβολιν
859 1642 980 1726 ἐκείνην
994 1640 1186 1707 κατεσκεύα-

85 1746 225 1811 σαν·καί
242 1742 301 1828 τὴν
320 1741 461 1827 μεγάλην
473 1737 613 1826 ἔλίβολιν
634 1739 783 1825 ἔστησαν,
804 1743 861 1805 καί
878 1738 916 1805 τὰ
939 1745 1030 1824 τείχη
1051 1745 1107 1826 τῆς
1126 1739 1183 1805 πό·

84 1851 167 1919 λεως
186 1843 386 1927 χαλάσαντες
407 1845 530 1907 ἐκεῖθεν
549 1845 584 1907 ἐν
604 1844 645 1929 τῇ
662 1839 898 1923 ultramuros
920 1842 1080 1924 εἰσῆλθον.
1122 1840 1184 1927 lyci

85 1945 123 2009 δδ
142 1944 184 2031 τῇ
214 1939 284 2032 cipp
314 1939 416 2028 ἐκείνη
446 1941 510 2024 orig
531 1941 668 2026 εῧρέθην
696 1939 828 2025 πλησίον
857 1944 916 2005 τοῦ
943 1937 1100 2017 αδθεντός
1118 1966 1206 2024 μου1

83 2045 142 2108 τοῦ
164 2045 333 2125 βασιλέως,
352 2035 433 2105 ἀλλὰ
454 2040 623 2125 προστάξει
641 2042 761 2105 ἐκείνου
783 2042 829 2118 εἷς
850 2041 1018 2124 ἐπίσκεψιν
1032 2043 1132 2127 δῆθεν
1150 2045 1186 2110 ἐν

38 2136 173 2231 ιόἅλλῳ
194 2145 286 2224 μέρει
306 2143 360 2224 τῆς
380 2140 502 2216 πόλεως
522 2132 618 2223 ἤμην.

170 2243 201 2306 8.
239 2241 415 2306 Ἐλθόντων
436 2241 472 2304 δὲ
501 2242 565 2304 τοῖν
586 2234 736 2322 Τοδρκων
759 2239 816 2303 καί
833 2235 909 2314 τούς
930 2240 965 2304 ἒν
979 2247 1045 2317 τοῖς
1064 2236 1188 2307 ἔσωθεν

87 2340 208 2424 τείχεσι
233 2335 452 2422 Χριστιανοδς
480 2335 559 2418 μετὰ
592 2333 797 2420 ἑλεβολίσκων
817 2341 875 2402 καί
891 2342 993 2421 βελῶν
1014 2343 1071 2405 καί
1088 2339 1188 2421 τόξων

87 2442 145 2506 καί
171 2442 294 2523 πετρῶν
320 2436 609 2524 ἐναποληφθέντας
629 2438 774 2519 ἐδίωξαν,
804 2435 861 2501 καί
882 2441 1041 2522 ἐγκρατεῖς
1061 2437 1188 2507 πάντων

87 2541 240 2623 ἐγένοντο,
265 2532 342 2602 ἄνευ
363 2540 401 2603 δὲ
421 2539 484 2603 τῶν
499 2537 627 2619 πύργων
639 2536 701 2600 τοῖν
712 2537 886 2619 λεγομένων
897 2542 1072 2602 Βασιλείου
1084 2543 1189 2606 Λίου-

36 2662 143 2714 ποτος
164 2637 220 2702 καί
247 2639 408 2719 Ἀλεξίου,
435 2638 470 2702 δν
491 2629 538 2711 οἷς
561 2633 745 2719 ἓστηκεισαν
781 2633 812 2699 οἱ
828 2637 945 2701 ναῦται
965 2638 1080 2702 ἐκεῖνον
1100 2635 1131 2703 οἱ
1153 2640 1189 2703 ἐκ

87 2742 143 2822 τῆς
168 2733 319 2821 Κρήτης·
361 2738 455 2801 αδτοί
479 2734 541 2821 γάρ
571 2734 723 2818 γενναίως
751 2731 908 2819 ἐμάχοντο
930 2734 1029 2820 μέχρι
1060 2739 1118 2802 καί
1131 2741 1190 2821 τῆς

87 2836 182 2919 ἕκτης
201 2839 258 2899 καί
276 2830 414 2920 ἑβδόμης
434 2832 521 2919 οἳρας
542 2836 598 2899 καί
624 2831 762 2911 πολλοὺς
787 2833 947 2919 Τοδρκους
968 2836 1188 2921 ἐθανάτωσαν,

23 2980 24 2983 ¹
87 2934 145 3001 καί
165 2939 315 3001 τοσοῦτον
344 2938 468 3021 πλῆθος
494 2937 669 3018 βλέποντες
683 2935 740 2999 καί
758 2933 819 3020 την
839 2930 931 3000 πόλιν
950 2937 1191 3023 δεδουλωμένην

165 3151 204 3186 ιο.
224 3136 367 3204 τηλέβολον
388 3135 408 3186 Ρ
480 3150 520 3186 rs.
539 3133 702 3190 ἱλίπαλινΡ
796 3136 834 3188 ι6.
856 3128 920 3197 τούς
940 3136 1052 3198 ἔσωθεν
1067 3136 1117 3194 τοῦ
1135 3140 1190 3192 τεί-

157 3225 229 3278 χους
247 3207 293 3274 τῆς
311 3206 419 3268 πόλεως
436 3206 517 3278 xpi)
593 3223 632 3276 sp.
651 3206 885 3277 τηλεβολίσκωνΡ

88 3401 183 3453 hostes
204 3399 367 3452 decertavit:
386 3405 426 3462 ut,
447 3399 496 3470 qui
512 3397 627 3450 aderant
644 3407 673 3451 et
689 3398 830 3463 videbant,
848 3398 1052 3454 fortissimorum
1070 3403 1190 3455 virorum
1223 3415 1225 3422 ’

87 3473 219 3526 virtutem
248 3480 276 3522 et
305 3470 447 3522 audaciam
473 3469 647 3521 mirarentur.
673 3470 766 3541 itaque
789 3471 879 3525 biset
901 3480 944 3524 ter
963 3473 1141 3543 impressione
1162 3483 1192 3527 et

88 3559 181 3614 pugna
203 3541 288 3603 iacta,
308 3542 407 3613 impios
424 3539 601 3592 vehementer
618 3540 755 3609 fugarunt,
767 3542 867 3594 multos
885 3542 1051 3606 occiderunt,
1069 3544 1137 3595 ulios
1156 3543 1191 3596 de

88 3614 175 3665 muris
201 3612 382 3682 depulerunt,
401 3620 484 3681 atque
511 3610 697 3662 occubuerunt
719 3611 831 3664 tandem
858 3622 1015 3666 constanter
1032 3623 1061 3667 et
1080 3623 1192 3668 strenue

111 3692 242 3753 ugnantes
262 3691 290 3735 et
307 3700 403 3750 magna
420 3683 494 3753 prius
512 3680 632 3733 hostium
652 3691 741 3752 strage
761 3683 832 3735 duta.
851 3685 916 3736 item
935 3684 984 3737 alii
1001 3683 1076 3737 haud
1093 3685 1192 3739 imbel-

9 3755 14 3769 '
88 3702 132 3806 ies
157 3754 259 3806 milites
286 3753 384 3805 codem
411 3753 472 3804 loco
499 3753 660 3804 dimicantes
685 3753 850 3817 ceciderunt,
876 3771 964 3825 prope
982 3765 1087 3826 portam
1104 3759 1191 3811 sancti

88 3825 225 3888 Romani,
243 3824 291 3876 uhi
316 3824 466 3894 helepolim
494 3824 571 3875 illam
588 3824 693 3875 Turcae
711 3824 833 3878 fecerant
858 3834 886 3878 et
903 3843 1025 3895 magnam
1042 3827 1192 3898 helepolim

89 3897 313 3949 constituerant:
337 3912 392 3966 qua
412 3895 529 3964 primum
547 3894 639 3946 diruto
666 3911 753 3959 muro,
769 3896 799 3947 in
815 3895 911 3948 urbem
932 3906 1118 3968 penetrarunt„
1140 3917 1190 3969 ego

89 3967 142 4018 illo
164 3975 287 4037 tempore
308 3983 364 4019 uon
381 3965 508 4018 versabar
533 3967 603 4017 circa
620 3966 831 4036 imperatorem,
851 3967 992 4034 dominum
1010 3987 1118 4034 meum,
1141 3969 1192 4023 sed

88 4040 166 4090 iussu
186 4039 245 4088 eius
263 4036 298 4087 ed
316 4036 485 4089 lustrandam
506 4036 588 4088 aliam
607 4047 710 4107 partem
730 4037 803 4089 urbis
823 4038 1007 4093 discesseram.

162 4110 188 4160 8.
210 4109 314 4160 Turcae
328 4108 423 4160 urbem
433 4108 548 4178 ingressi
561 4107 728 4161 Christianos
740 4109 810 4161 intra
826 4110 985 4163 interiorem
1003 4128 1108 4164 murum
1126 4110 1192 4163 reli-

88 4195 160 4250 quos
170 4177 355 4242 heleboliscis,
373 4178 479 4242 iaculis,
494 4178 607 4248 sagittis,
619 4180 688 4232 saxis
702 4181 848 4250 persecuti,
868 4190 896 4234 et
910 4183 1012 4234 cunctis
1022 4182 1104 4252 potiti
1119 4189 1193 4246 sunt,

86 4255 273 4319 praeterens,
292 4251 340 4319 qui
360 4250 390 4301 in
409 4249 531 4301 turribus
553 4249 646 4300 Basilii
665 4252 766 4303 Leonis
784 4259 813 4303 et
831 4252 920 4304 Alexii
938 4269 1008 4322 quse
1029 4251 1192 4304 dicebantur

87 4321 234 4371 constituti
254 4329 348 4384 erant,
373 4328 470 4371 nautas
488 4319 641 4373 Cretenses.
674 4321 704 4371 hi
723 4323 796 4374 enim
826 4321 982 4374 adsertam
1003 4331 1032 4375 et
1050 4323 1192 4392 septimam

86 4390 185 4442 horam
205 4398 316 4442 strenue
335 4390 494 4460 pugnabant
520 4396 548 4440 et
573 4389 674 4442 multos
689 4391 792 4443 Turcas
820 4392 1028 4454 interficiebant,
1051 4409 1190 4464 quumque

87 4468 198 4515 tantam
215 4461 336 4514 hostium
354 4460 560 4515 multitudinem
570 4468 599 4514 et
614 4463 813 4515 totam—urbem
828 4462 969 4517 subactam
987 4462 1119 4531 viderent,
1139 4483 1191 4519 no·
