2746 5084
420 613 497 677 ιιι.
526 615 581 676 rv.
610 585 702 677 c'au.
731 615 817 688 rvr,
1071 584 1161 699 389
1223 682 1225 687 ,

59 768 121 831 καί
140 765 275 847 duritia.
325 757 403 825 κατὰ
426 762 462 825 δὲ
480 760 537 826 τόν
555 759 750 847 Ἰανουάριον
769 765 856 846 μῆνα
875 765 933 829 rod
953 761 1054 828 ου’τοό
1073 760 1163 842 ἔτους

64 865 121 931 καί
141 863 157 927 o‘
179 857 578 944 καλοκαγαθόςΛουκόνης
593 858 777 948 Νικηφόρος
799 857 823 946 ἢ
843 865 963 944 μᾶλλον
982 864 1082 927 εἰπεῖν
1092 868 1163 927 Πε-

65 959 388 1047 λοποννησιοφθόρος,
410 961 610 1043 λογιζόμενος
629 953 711 1026 εἶναι
732 964 795 1027 τῶν
814 960 947 1046 προότων
969 964 1026 1025 καί
1045 964 1164 1027 πιστῶν

65 1060 234 1149 ἆρχόντων
255 1062 312 1126 τοῦ
334 1055 488 1125 δεσπότου
506 1057 567 1144 arip
588 1063 782 1145 Δημητρίου,
811 1055 869 1125 καί
886 1084 967 1137 τινες
988 1053 1080 1126 ἄλλοι
1101 1060 1164 1126 σόν

32 1176 57 1239 5
67 1166 154 1252 αὐτῷ
174 1165 238 1227 ταῖν
256 1161 453 1241 Ἀλβανιταῖν
481 1157 537 1223 καί
556 1163 879 1246 Πελοποννησιωτοόν,
900 1160 945 1246 μη
968 1161 1164 1245 λογιζόμενοι

66 1258 118 1338 ότι
140 1261 162 1326 ό
182 1264 404 1347 ἐπιμελοῦνται
432 1260 550 1340 πρᾶξαι
574 1261 620 1335 είς
638 1262 750 1326 uuerbe
770 1260 876 1327 αότεόν
892 1256 1064 1346 πρόχειρον
1086 1260 1164 1348 ᾠκο-

44 1361 202 1444 νόμων,
227 1358 356 1425 ἔπεισαν
384 1355 437 1423 τόν
459 1355 615 1443 δεσπότην
636 1358 696 1443 κόρ
722 1361 843 1438 Θωμᾶν
862 1364 915 1426 ἵνα
935 1360 1043 1444 μάχην
1057 1359 1163 1446 ἐγείρῃ

64 1461 149 1527 κατὰ
174 1462 232 1527 τοῦ
260 1461 405 1544 α’δελφοό
427 1458 530 1523 otianti
552 1460 607 1522 καί
638 1457 718 1524 κατὰ
741 1463 800 1524 τοῦ
821 1459 931 1544 α’μηρᾶ
951 1456 1166 1524 ι’πανόστασιν
1211 1508 1213 1514 «

65 1560 200 1649 ποιήσῃ,
232 1564 288 1625 καί
318 1559 402 1646 φάγῃ
426 1559 503 1634 τοός
531 1553 646 1642 όριιους
670 1557 715 1634 ὦς
735 1558 872 1642 λα’χαυα,
894 1557 950 1636 σός
971 1556 1032 1643 πρό
1056 1558 1166 1640 σ’λίγου

17 1670 135 1744 ιομετ’
158 1661 266 1725 αὐτῶν
299 1661 436 1743 ἐποίησε.
487 1660 543 1722 καί
569 1649 701 1734 ὁᾶλλος
725 1657 849 1740 α’γαθός
880 1657 960 1743 όνῆρ
984 1658 1124 1740 Ἀσόνης
1150 1654 1167 1722 ό

65 1764 246 1836 Ματθαϊος
267 1752 321 1824 διό
342 1758 377 1824 τό
398 1760 479 1844 πρός
498 1754 554 1823 τόν
575 1751 704 1841 όμηροῖν
735 1752 816 1823 εἶναι
836 1759 1072 1838 ἀπεσταλμένος
1092 1759 1169 1841 περί

64 1862 122 1926 τοῦ
144 1861 314 1943 εἰρημένου
343 1860 540 1924 συνοικεοιόο
570 1860 630 1923 rori
649 1855 711 1923 οἷνό
739 1860 796 1940 τῆς
816 1855 931 1923 τὐότου
953 1858 1091 1940 ἀνεψιοῖς
1110 1860 1168 1922 καί

58 1962 125 2027 aovi
145 1960 257 2042 α’μηρᾶ
279 1961 384 2023 ταῦτα
404 1959 461 2022 oris
481 1955 659 2040 ἐγίνωσκεν.
689 1954 872 2035 ἐξελθόντος
893 1951 950 2023 σόν
968 1962 1027 2023 τοῦ
1049 1957 1206 2034 daunai-87

64 2080 124 2123 του
145 2055 206 2140 κόρ
236 2061 341 2139 Θωμᾶ
361 2060 407 2132 εἰς
435 2054 493 2132 τός
514 2055 621 2141 α’ρχός
654 2059 712 2122 τοῦ
742 2058 966 2143 Φεβρουαρίοο
985 2055 1087 2142 μηνός
1107 2061 1166 2123 rosi

13 2158 170 2230 ι5αότοό
191 2154 282 2233 ἔτους
303 2155 366 2221 α’πό
384 2162 439 2241 τῆς
460 2158 641 2240 Ἀρκαδίας,
664 2161 720 2223 καί
740 2153 913 2235 ἓνωθέντος
926 2156 1007 2241 μετό
1028 2160 1089 2222 τῶν
1110 2160 1165 2241 ε’ρ·

62 2262 245 2342 γαζομένων
276 2261 342 2322 κατ’
360 2259 474 2323 ἀότοῦ
503 2251 524 2340 ἢ
544 2261 600 2322 καί
625 2262 749 2339 μᾶλλον
766 2260 867 2322 εἰπεῖν
888 2256 925 2324 τό
950 2261 1015 2323 κατ’
1037 2259 1165 2340 πότων,

63 2357 111 2433 τός
131 2357 149 2421 ό
170 2358 259 2441 λόγος
282 2356 403 2440 προϊών
428 2354 580 2440 όηλοόσει,
613 2362 793 2441 παρέλαβον
814 2357 878 2421 α’πό
896 2360 957 2438 μὲν
972 2360 1036 2422 πυόν
1061 2356 1166 2439 Tou'p.

60 2481 129 2522 κων
149 2455 189 2522 τοὶ
211 2455 416 2539 Καλόβρυτα
448 2455 503 2521 καί
532 2456 631 2538 μόνον
661 2461 697 2523 ἑκ
728 2458 793 2521 τιόν
824 2456 946 2521 α’στίων
967 2448 1013 2522 ὧν
1033 2451 1167 2540 ἤλπιζον

64 2561 185 2639 λαβεῖν,
208 2553 230 2621 ό
252 2555 281 2622 oi
319 2560 455 2644 Τοῦρκοι
486 2559 656 2640 κέκτηντο,
687 2553 750 2622 α’πό
784 2558 820 2622 δὲ
841 2557 901 2620 τοῦ
929 2551 1081 2621 δεσπότου
1103 2555 1165 2642 ιιόρ

8 2682 54 2725 ao
63 2660 252 2741 Δημητρίου
284 2651 366 2739 ἅπερ
402 2656 497 2720 edroi
524 2653 555 2720 oi
576 2655 708 2741 ἐργάται
738 2658 803 2720 τῶν
824 2659 928 2720 κακῶν
956 2652 1147 2740 ἡγεμόνευον
1154 2704 1165 2737 ,

63 2757 267 2841 Καρίταιναν
287 2760 367 2839 λέγω
388 2757 445 2820 καί
460 2750 550 2839 ἅγιον
562 2758 593 2821 Γ
592 2755 733 2839 εοόργιον,
749 2752 938 2840 Βορδόνιαν,
961 2747 1166 2839 Καοτρίτζοιν

62 2860 120 2920 καί
142 2853 234 2941 ἓτερό
247 2879 326 2938 τινα,
348 2857 390 2922 ἵν’
412 2849 511 2931 αὖθις
527 2851 643 2938 ἔχωσιν
664 2851 744 2920 orire
763 2855 826 2938 οόχ
847 2853 891 2931 ὥς
910 2850 1019 2940 πριόην
1033 2855 1165 2937 ἐκυβέρ-

61 2978 149 3036 νουν,
169 2950 239 3021 όλλ’
261 2954 304 3032 οός
325 2955 482 3021 aarum
499 2952 589 3026 ἴδιοι.
631 2954 868 3039 ἑκατοόρθωσαν
888 2947 946 3020 σόν
970 2954 1065 3019 oridia
1084 2947 1164 3022 ἄλλο

63 3051 96 3119 οἶ
116 3051 268 3142 φρόνιμοι
287 3057 344 3121 καί
363 3058 532 3143 πρακτικοί
552 3057 610 3121 ναί
628 3063 764 3139 γενναῖοι
778 3048 929 3142 ἄρχοντες
953 3047 975 3141 ἢ
997 3049 1094 3138 μόνον
1114 3046 1163 3120 ότι

137 3269 179 3323 13.
197 3266 286 3322 ταῦτα
304 3283 347 3321 orn
366 3268 386 3321 P
475 3285 519 3321 ar.
538 3268 690 3344 βορόόνιον
707 3271 852 3343 acceptata
871 3269 892 3322 P

60 3435 169 3506 aceepit
187 3453 219 3489 ac
236 3437 371 3490 discussit.
397 3447 499 3489 'mense
516 3439 644 3492 Ianuario
664 3438 786 3492 eiusdem
810 3439 876 3491 anni
901 3437 1015 3491 eximius
1034 3435 1083 3489 ille
1098 3437 1160 3501 vir,

57 3508 115 3558 imo
136 3523 199 3559 vero
217 3509 303 3577 pertis
320 3510 512 3579 Peloponnesi,
533 3511 704 3580 Nicephorus
722 3513 854 3573 Lucanos,
871 3510 919 3579 qui
936 3510 966 3561 iu
983 3507 1111 3560 fidelibus
1131 3515 1160 3560 et

56 3579 156 3648 primis
174 3579 306 3631 Demetrii
336 3580 466 3649 despotae
496 3583 655 3650 proceribus
682 3581 890 3644 numerabatur,
919 3587 947 3632 et
975 3580 1022 3630 alii
1046 3579 1160 3649 quidam

57 3648 204 3702 Albaniue
220 3659 248 3702 et
270 3651 478 3720 Peloponnesii,
497 3653 600 3720 ignari,
619 3669 690 3722 quae
708 3653 887 3714 molirentur,
903 3653 933 3702 in
951 3668 1027 3702 suam
1046 3667 1075 3702 se
1095 3665 1160 3721 per·

55 3721 157 3772 niciem
174 3721 282 3786 moliri,
301 3722 423 3775 'rhomae
441 3721 571 3792 despotae
592 3731 745 3788 suaserunt,
763 3731 794 3775 ut
812 3723 920 3775 fratrem
941 3720 1017 3774 bello
1035 3721 1159 3773 adorire-

55 3799 104 3842 tur
121 3801 149 3844 et
166 3801 262 3844 contra
292 3810 409 3845 emeram
436 3793 601 3857 rebellaret,
623 3803 651 3846 et
666 3812 737 3865 quae
763 3795 846 3864 paulo
870 3801 933 3846 ante
951 3794 1053 3845 lecerat
1070 3809 1159 3845 sacra·

55 3871 167 3926 menta,
188 3872 317 3934 tanquam
337 3864 430 3928 olera,
449 3864 613 3917 comederet.
648 3865 792 3934 ignorabat
809 3864 862 3918 hoc
878 3866 949 3917 alter
964 3865 1006 3916 vir
1024 3865 1157 3933 egregius,

54 3933 213 3986 Matthaeus
236 3939 358 3998 tannes,
384 3935 420 3988 de
455 3936 596 3987 connubio
623 3936 673 3988 illo
707 3939 780 3990 inter
802 3937 878 3989 illiue
912 3936 1102 3989 consobrinam
1129 3941 1158 3987 et

53 4019 173 4056 arueram
201 4006 374 4059 conciliando
405 4005 440 4058 ad
468 4024 586 4059 emeram
611 4007 716 4060 missus,
769 4009 863 4078 itaque
889 4006 1010 4060 Thomas
1042 4005 1157 4074 despota

53 4072 106 4126 sub
134 4077 243 4130 initium
268 4078 411 4130 Februarii
429 4078 551 4131 eiusdem
574 4080 638 4130 anni
663 4096 698 4131 ea
724 4078 839 4131 Arcadia
871 4079 1011 4148 proiectus
1038 4085 1065 4127 et
1091 4091 1157 4127 con-

52 4145 165 4200 iunctus
183 4166 245 4199 cnm
262 4149 314 4211 iis,
335 4150 383 4219 qui
411 4149 505 4218 ipsius,
523 4151 597 4214 imo,
623 4158 655 4216 ut
682 4148 820 4203 docebunt
857 4168 903 4213 ea,
930 4164 1000 4217 quae
1034 4162 1156 4214 sequnn-

52 4222 117 4279 tur,
144 4219 187 4270 sui
212 4219 327 4271 studiosi
354 4228 447 4282 erant,
468 4220 564 4273 'lurcio
587 4220 689 4290 eripuit
704 4221 858 4288 Calabryta,
878 4221 963 4271 solum
982 4233 1016 4269 ex
1033 4216 1156 4279 urbibus,

52 4303 123 4408 ηοαι
141 4306 157 4340 a
175 4290 271 4342 'Parcis
289 4298 436 4360 occupatae
458 4299 664 4361 recuperaturos
690 4308 720 4343 ee
744 4308 803 4343 esse
827 4290 990 4361 sperabant,
1017 4287 1156 4340 Demetrio

73 4368 186 4428 espotae
203 4369 295 4413 autem
315 4377 368 4424 ear,
388 4359 489 4431 quibus
509 4363 562 4431 ipsi
574 4362 707 4414 malorum
723 4371 847 4414 auctores
860 4366 1015 4430 praeerant,
1033 4357 1157 4411 Caritat-

50 4444 126 4492 nam,
147 4440 271 4484 sanctum
295 4431 452 4500 Georgium,
469 4432 640 4495 Bordoniam‚
659 4433 817 4485 Castritzam
845 4438 873 4483 et
892 4431 946 4482 alia
964 4429 1106 4491 nonnulla,
1125 4437 1157 4482 ut

50 4497 97 4550 illi
115 4515 159 4554 eas
178 4519 235 4557 non
252 4510 383 4576 tanquam
402 4501 643 4569 administratores,
665 4511 790 4567 utente,
811 4500 859 4556 aed
877 4510 909 4556 ut
928 4499 1032 4558 domini
1050 4501 1155 4572 recipe-
