2782 5100
426 592 501 654 ιιο.
525 594 564 653 ιι.
593 591 686 657 σεε.
705 595 747 656 11.
1074 568 1147 652 ι3ι

51 742 267 825 λοποννὴσοο,
289 738 325 805 τό
349 742 516 822 Λεῦκτρον
530 742 678 825 masma,
701 739 736 806 τό
761 737 869 807 όιιοίον
887 746 1033 826 Κεταρίοι
1055 741 1157 815 πάλαι

56 841 212 925 ἐκαλεῖτο)
242 838 299 905 καί
317 837 425 904 πάντα
449 837 505 905 τόν
533 842 653 904 ἐκείνου
675 839 771 924 ζυγόν
791 833 869 926 άχρι
890 847 946 907 κατ’
962 847 1019 924 τῆς
1040 841 1155 913 mov

58 940 113 1019 τῆς
132 944 302 1024 λεγομένης
320 941 447 1020 Ἰτιλου,
469 942 504 1002 όκ
526 941 561 1004 δὲ
580 941 638 1004 τοῦ
659 937 719 1019 ἔξω
742 942 839 1023 ζυγοῦ
861 938 897 1006 τό
920 941 1156 1026 κάστρονΖαρ-

63 1035 153 1116 νότος
170 1045 227 1105 καί
244 1043 275 1104 Γ
273 1041 416 1121 αστίτζα,
437 1037 474 1103 τό
496 1037 703 1120 Διάσειστον,
726 1043 831 1122 Μελὲ,
854 1038 996 1123 Δράχιον
1016 1044 1073 1107 κατ’
1083 1046 1155 1109 Πο-

45 1122 184 1204 5λιοινοόν
209 1138 265 1203 καί
292 1136 332 1204 τά
360 1138 437 1221 περὶ
459 1136 571 1204 αὐτόν.
621 1141 678 1203 καί
704 1136 822 1205 ἔδωσεν
850 1140 938 1226 αὐτῷ
959 1139 1013 1205 καί
1031 1140 1072 1207 τά
1091 1139 1154 1211 όσα

172 1318 209 1354 να
228 1319 246 1350 α
268 1304 330 1351 ίνου

129 1370 151 1421 3.
169 1304 274 1424 νιτρίλορυ
333 1368 352 1419 P
442 1367 595 1438 Ζαρνάτας
611 1371 711 1421 καί-
728 1385 756 1436 p.
778 1370 845 1432 132,
876 1371 910 1436 τί
927 1364 1048 1442 παιδός]
1076 1374 1153 1441 Ζαρ-

129 1439 217 1495 νάταν
236 1444 286 1493 καλ
305 1442 468 1502 Γαστίτζαν,
489 1430 520 1492 τό
540 1438 725 1495 άδιάσειστον
741 1442 835 1502 Μελέ,
851 1439 1010 1511 Διρράχιον
1027 1445 1076 1494 καί
1087 1448 1154 1496 Πο-

130 1505 242 1571 λιανοός
261 1515 310 1564 καλ
329 1514 354 1564 Γ
352 1509 484 1580 αρδίκιαν
500 1515 549 1563 καί
566 1505 600 1565 τά
620 1515 688 1581 περὶ
706 1507 796 1574 αὐτά,
816 1512 856 1563 ἔτι
873 1509 904 1564 δὲ
918 1512 1082 1582 χορηγήσας
1099 1511 1154 1565 αό-

130 1583 165 1650 τηό
181 1576 232 1643 τὴν
256 1584 357 1635 πᾶσαν
379 1576 562 1652 ίπιτροττικῖην
589 1586 637 1634 καί
664 1581 803 1646 διοίκησιν
826 1580 874 1633 τοῦ
891 1584 1016 1653 μεγάλου
1041 1602 1154 1655 πρωτο-

132 1653 287 1723 στράτορος
310 1651 481 1724 Νικηφόρον
508 1654 558 1706 τοῦ
583 1652 775 1717 ίίίελισσηνοῡ,
806 1647 840 1706 ὃν
861 1657 911 1705 καλ
934 1649 1154 1726 Μελισσουργόν

131 1723 314 1796 ἐπωνόμαζον
332 1719 380 1777 διά
397 1716 448 1789 την
460 1720 546 1778 αότοό
559 1742 580 1777 π
603 1718 634 1783 ός
648 1724 744 1777 πάντα
762 1722 907 1788 δεξιότητα.
944 1720 976 1784 ὃς
988 1729 1019 1780 lx
1037 1725 1083 1792 τῆς
1098 1746 1155 1797 φυ-

130 1794 172 1860 λῆς
197 1791 232 1861 ἦν
249 1794 444 1867 καταγόμενος
472 1795 522 1847 τοῦ
540 1743 664 1848 παλαιοῦ
688 1796 795 1849 ἐκείνου
817 1795 985 1865 Νικηφόρον
1003 1801 1156 1869 Καίσαρος

130 1867 175 1917 τοῦ
193 1869 384 1929 Μελισσηνοῡ.
433 1863 448 1917 6
468 1863 499 1918 δὲ
518 1865 685 1936 Νικηφόρος
702 1855 782 1924 οὗτος
802 1865 832 1916 έκ
850 1871 959 1935 γονέων
976 1864 1084 1952 ὑπῆρχε
1105 1866 1155 1922 τοῦ

131 1943 280 2009 πατρικίου
300 1936 453 2007 Εόγενείου
470 1939 520 1990 τοῦ
531 1939 731 2002 Μελισσηνοῡ,
751 1936 826 1989 διατλ
840 1937 896 2008 μλν
912 1936 928 1990 ό
947 1941 1077 2006 βασιλευς
1097 1945 1156 1992 Μι·

128 2002 196 2075 χιιηλ
215 2007 230 2063 6
248 2003 299 2075 την
316 2012 514 2081 προσηγορίαν
533 2009 665 2078 Ῥαγκαβὲ
680 2012 729 2060 καλ
747 2006 762 2061 6
778 2012 925 2077 πατρίκιος
936 2003 1050 2098 Μιχαάλ
1066 2009 1155 2064 §Ms-

130 2072 259 2143 λισσηνός
285 2077 412 2151 ὑπῆρχον
430 2077 612 2148 κασιγνήτων
636 2076 686 2131 δόο
706 2076 923 2148 άποτοκεόματα
947 2086 996 2131 καὶ
1015 2079 1156 2151 απόγονοι

127 2150 172 2202 τοῦ
197 2150 333 2222 ῥηθέντος
349 2153 508 2218 Καίσαρος.
549 2156 598 2202 καί
616 2149 631 2204 6
649 2149 704 2220 μὲν
728 2149 776 2215 τῆς
799 2152 953 2217 βασιλείας
967 2153 1082 2212 ίξωθείς
1107 2158 1157 2206 καί

128 2219 158 2274 όν
173 2222 206 2293 τῇ
223 2220 301 2291 νάσῳ
323 2220 427 2304 Πράτρ
446 2223 604 2292 έξορισθείς
630 2212 758 2291 μοναχός
775 2218 930 2290 γενόμενος
955 2215 1006 2275 τόν
1022 2226 1086 2291 βίον
1102 2243 1157 2277 κα-

126 2293 223 2356 τέλιπε,
248 2287 353 2346 τόνδε
381 2295 444 2346 υίον
461 2290 550 2344 αότοό
578 2290 779 2360 Θεοφόλακτον
803 2290 861 2343 τῶν
890 2291 1076 2363 παιδογόνον
1099 2312 1157 2367 μοι

127 2367 195 2428 ρίων
211 2365 381 2434 ἐστέρησαν·
424 2367 473 2415 καί
499 2359 589 2423 οὕτως
608 2359 642 2417 τά
670 2363 720 2415 τοῦ
742 2361 875 2432 Ῥαγκαβὲ
889 2368 978 2432 πέρας
995 2365 1101 2433 ἔλαβον.
1139 2362 1155 2419 ό

127 2431 155 2484 δὲ
171 2439 325 2504 πατρίκιος.
338 2430 452 2503 Μιχαηλ
479 2434 561 2502 ἔσχεν
590 2426 669 2493 υἱοός
694 2431 763 2496 δύο,
787 2433 948 2520 Δημήτριον
971 2439 1021 2488 καί
1048 2433 1156 2490 Θεόδο-

125 2519 179 2557 τον.
225 2508 272 2558 καλ
301 2502 316 2558 6
342 2505 396 2576 μὲν
427 2502 607 2575 πατριάρχης
627 2502 781 2577 γενόμενος
804 2522 854 2570 την
880 2506 1028 2570 ἐκκλησίαν
1055 2509 1155 2577 κυρίου
1263 2535 1266 2539 -

126 2574 239 2638 ίθυνεν,
272 2573 370 2647 ὥσπερ
407 2578 436 2627 οί
464 2580 528 2646 περὶ
555 2575 641 2630 αὑτοῦ
676 2571 876 2644 ἱστορήσαντες
904 2574 1091 2646 γράφουσιν·
1138 2576 1153 2631 6

125 2643 153 2696 δὲ
168 2645 327 2717 Δημήτριος
352 2647 440 2715 γεννᾷ
457 2646 635 2718 Νικηφόρον.
680 2644 695 2700 ό
726 2645 756 2698 δὲ
782 2648 956 2728 Νικηφόρονι
974 2646 1063 2716 γεννᾷ
1083 2645 1156 2701 Θεό-

124 2714 222 2781 δοτον,
248 2715 263 2771 6
288 2717 319 2771 δὲ
346 2715 494 2788 Θεόδωρος
522 2710 573 2773 τόν
600 2721 751 2790 πατρίκιον
777 2718 903 2784 Νικὴταν
928 2735 978 2770 τον
1006 2720 1055 2770 καί
1075 2714 1155 2771 ‘1³06-

124 2803 200 2855 φαν·
239 2785 254 2841 6
279 2788 311 2841 δὲ
336 2786 458 2853 Νικάτας
474 2789 562 2859 γεννᾷ
590 2788 742 2860 Θεοφάνην
769 2779 820 2843 τόν
838 2791 1002 2856 πατρίκιον,
1036 2775 1087 2842 τόν
1104 2793 1154 2842 καί

122 2859 396 2928 πρωτοβεστιάριον,
414 2857 624 2931 καλΝάσαρ.ὁ
653 2859 683 2912 δὲ
712 2859 860 2927 Θεοφάνης
879 2854 1107 2930 Χριστόφορον,
1134 2858 1151 2913 ό

124 2925 151 2980 δὲ
160 2921 574 3001 Χριστόφοροςτόνμάίστρον
584 2934 696 2986 Λέοντα
709 2930 931 2996 καίΘεόληπτον.
945 2928 961 2985 6
974 2928 1152 3002 δὲμάὶστρος

122 3001 203 3053 Λέων
220 3003 308 3070 γεννᾷ
327 3001 491 3061 Θεοδόσιον,
510 3000 525 3055 6
546 3001 576 3055 δὲ
599 3001 752 3059 Θεοδόσιος
765 3001 974 3072 Θεοφόλακτον,
994 2999 1009 3054 ό
1030 3001 1061 3054 δὲ
1079 3004 1150 3056 Θεοὲ

123 3067 262 3151 φόλακτος
285 3071 452 3141 Θεόδωρον,
482 3069 497 3125 ὃ
520 3072 551 3125 δὲ
578 3071 725 3142 Θεόδωρος
749 3072 918 3143 Νικηφόρον
939 3060 990 3126 τόν
1008 3077 1149 3143 Καίσαρα

123 3155 166 3194 τον
184 3141 229 3195 ἐπ’
248 3139 357 3213 ἀδελφῇ
376 3137 507 3215 γαμβρόν
523 3142 573 3197 τοό
590 3143 711 3202 ἄνακτος
725 3139 848 3205 Ἀλεξίου
866 3142 915 3197 τοῦ
932 3143 1094 3215 Κομνηνοῡ.
1132 3141 1148 3198 ό

123 3207 151 3262 δὲ
167 3215 285 3282 Καίσαρ
299 3212 466 3284 Νικηφόρος
483 3213 569 3284 γεννηῖ
583 3211 718 3279 Ἰωάννην
735 3207 785 3265 τόν
803 3212 964 3286 Κομνηνόν.
1002 3211 1017 3266 6
1038 3213 1069 3267 δέ
1088 3216 1149 3269 Ko-

120 3273 225 3349 μνηνός
239 3281 371 3348 Ἰωάννης
389 3283 477 3355 γεννηῖ
493 3283 622 3345 ἶίλέξιον.
658 3283 673 3338 6
694 3284 725 3337 δὲ
739 3282 860 3346 Ἀλέξιος
876 3284 964 3355 γεννᾷ
984 3283 1147 3338 Θεοδόσιον.

121 3347 182 3405 όδλ
204 3354 357 3413 Θεοδόσιος
382 3355 469 3425 γεννᾷ
492 3352 615 3416 Ἀλέξιον
642 3350 691 3408 τόν
716 3359 854 3425 Καίσαρα
876 3358 925 3408 καί
943 3352 1072 3422 Μιχαάλ,
1098 3351 1148 3414 οὓς

119 3424 387 3496 Στρατηγοποόίους
400 3424 593 3496 έπωνόμαζον.
629 3424 645 3480 6
664 3425 822 3495 δλίίαῖσαρ
840 3424 1063 3547 ’Λλέξιοςφιεννηῖ
1074 3424 1146 3495 Γρη-

120 3492 236 3565 γόριον,
264 3494 279 3549 ό
312 3495 344 3549 δέ
361 3495 518 3568 Γρηγόριος
537 3496 678 3568 Θεόφιλον
698 3502 745 3549 καὶ
763 3493 882 3565 Μιχαάλ.
927 3494 942 3549 6
980 3494 1146 3566 ἑΘεόφιλος

118 3564 202 3635 γεννᾷ
222 3568 345 3631 Λέοντα,
365 3566 382 3620 ό
401 3568 431 3621 δὲ
439 3571 523 3621 Λέων
540 3562 591 3621 τόν
606 3573 700 3639 μέγαν
716 3567 956 3638 πρωτοστράτορα
974 3567 1145 3638 Νικηφόρον

118 3640 161 3688 καί
180 3636 333 3708 Γεώργιον.
371 3636 438 3692 όδὲ
452 3643 543 3710 μέγας
559 3636 789 3709 πρωτοστράτωρ
803 3642 874 3703 Νικη
903 3637 1073 3708 όροςγεννᾷ
1091 3644 1144 3692 Na·

117 3704 224 3760 κόλαον.
261 3707 276 3773 ἧ
297 3708 329 3761 δὲ
351 3713 427 3761 αίτία
444 3711 491 3775 τῆς
507 3710 636 3774 τοιαύτης
653 3709 834 3777 ε’πιτροττικῆς
851 3728 865 3763 ο
886 3727 939 3769 τως
956 3701 997 3773 ἦν.
1033 3706 1084 3762 τόν
1101 3716 1143 3763 εί-

118 3783 237 3848 ρημένον
252 3779 397 3835 Νικόλαον
414 3778 563 3842 ἀνεδέξατο
581 3783 611 3834 έκ
628 3781 678 3832 τοῦ
691 3784 771 3833 θείου
789 3786 982 3851 βαπτίσματος
1001 3778 1016 3833 ό
1037 3777 1143 3835 δεσπό·

117 3862 159 3912 της
178 3843 231 3919 κόρ
245 3849 401 3920 Θεόδωρος.
437 3854 469 3906 ἐν
487 3850 518 3904 δὲ
534 3851 573 3922 τῷ
586 3849 759 3920 παρελθόντι
777 3852 841 3921 ἔαρι
855 3852 963 3923 μέλλων
980 3849 1142 3906 ἀποθανεῖν

117 3913 234 4002 ὄμέγοις
252 3912 335 3979 οὗτος
352 3920 581 4009 πρωτοστράτωρ
590 3961 599 3986 ,
618 3926 666 3976 καί
684 3920 698 3975 6
722 3912 785 3981 υἱός
805 3921 893 3976 αὐτοῦ
912 3921 1051 3981 Νικόλαος
1067 3939 1141 3993 τριει

115 4002 159 4053 της
176 3989 239 4055 τόν,
263 3991 401 4058 διαθήκην
429 4008 553 4058 ποιησας
578 3995 657 4047 εἴασε
683 3986 733 4047 τόν
757 3992 898 4059 δεσπότην
914 3988 967 4063 κόρ
990 3992 1140 4063 Θεόδωρον

115 4058 267 4184 ῧίτρρμον
293 4067 343 4118 καί
367 4067 536 4136 κυβερνήτην
565 4070 614 4118 του
643 4065 833 4136 πνευματικοῦ
861 4064 926 4118 νίοό
944 4061 1033 4117 αὐτοῦ
1051 4066 1139 4117 Νικο-

146 4150 179 4185 ου
216 4167 224 4184 .

53 4241 131 4310 mun,
155 4251 231 4321 quod
251 4252 318 4305 olim
339 4251 446 4305 Cetaria
465 4253 627 4306 vocabatur:
650 4263 678 4306 et
699 4267 804 4306 omnem
823 4252 901 4305 inum
919 4259 1034 4304 tractum
1053 4265 1139 4323 usquo

57 4303 88 4354 ω
103 4315 203 4386 Pylum,
221 4340 294 4393 quae
320 4323 399 4376 Ιλίλοι
423 4324 541 4387 dicitur,
559 4335 588 4377 ει
606 4334 681 4377 extra
698 4342 760 4377 eum
783 4332 898 4376 tractum
915 4322 1056 4374 castellum
1073 4320 1136 4374 Ζει-

60 4383 133 4453 ’,ῑῑίη
150 4392 315 4457 Gauium,
332 4396 511 4460 ὓὶττοὶιίοιυ,
530 4393 619 4456 Melo,
640 4395 784 4446 Brachium
806 4404 834 4446 et
850 4394 990 4445 Polianum
1011 4408 1072 4443 cum
1090 4391 1134 4445 lo·

62 4456 232 4532 αιίὶοίῑίιτιίιη
262 4467 376 4539 insuper
401 4468 494 4521 omnia
520 4465 623 4538 oppida
650 4475 680 4519 et
696 4465 810 4520 castella
827 4466 862 4518 ad
877 4466 965 4518 ninum
984 4461 1133 4520 Μεντοαλι·
