2760 5092
234 259 370 367 324„
547 280 722 346 unoucu
753 276 996 345 nnnannan

231 457 343 509 σαντες
364 409 454 519 uv’tqi
465 429 698 517 φρονιμώτερα
719 426 823 493 naiton*
843 416 1058 508 όνθροιπονέν
1071 424 1110 508 τῇ
1127 420 1245 508 ,Ἰταλίᾳ
1267 423 1325 485 ουίτ

231 528 326 615 εἶδον,
360 533 391 595 εἰ
410 529 454 613 μή
484 530 538 596 διό
560 533 674 594 κακίαν
704 529 760 592 καί
780 522 918 613 φθόνον·
960 521 1017 586 οόκ
1038 514 1103 585 οἶδε
1121 519 1219 603 γαρό
1243 519 1326 605 φθό-

231 657 284 709 νος
312 632 468 715 προτιμᾶν
500 627 535 693 τό
567 630 739 713 συμφέρον.
789 617 827 710 ἦν
856 625 893 688 δὲ
924 618 961 686 τό
989 619 1092 686 αἴτιον
1119 615 1236 684 τούτου
1265 620 1325 685 τοῦ

231 732 408 799 Ἀλωόσίου
430 732 548 795 Διέδου
568 729 625 789 τοῦ
642 725 716 789 ποτὲ
734 721 976 803 μεσιτεύσαντος
997 721 1049 783 iva
1069 716 1086 782 δ
1106 717 1285 803 μακαρίτης
1306 712 1324 779 ό

160 872 164 881 ,
232 833 388 912 αὐθέντης
412 851 476 908 μου
509 821 526 888 ό
554 822 616 905 κόρ
642 826 892 900 Κωνσταντῑνος,
919 815 1073 901 δεσπότης
1102 812 1146 882 τόν
1175 818 1247 882 τότε
1278 820 1325 903 τῷ
1331 832 1350 895 5

230 931 331 1014 καιρηῖ
348 930 381 991 έν
398 928 437 1014 τῇ
453 920 692 1009 Πελοποννήσῳ,
716 916 796 1007 λόβη
819 922 864 996 εἰς
884 923 1016 1001 γυναῖκα
1038 917 1139 981 αὑτοῦ
1153 915 1208 1000 την
1228 920 1324 981 τοῦδε

230 1030 293 1092 τοῦ.
312 1024 422 1100 δουκδς
444 1024 608 1104 θυγατέρα
627 1018 706 1099 μετὰ
729 1017 858 1102 προικός
879 1019 1005 1098 πολλῆς.
1047 1014 1064 1078 ό
1086 1009 1142 1080 οὖν
1166 1009 1326 1098 αόθέντης

232 1150 295 1208 μου
324 1125 361 1188 οὐ
391 1127 433 1187 δι’
462 1117 538 1186 ἄλλο
568 1121 599 1184 εἰ
626 1117 670 1202 μη
699 1121 751 1183 ἴνα
772 1106 898 1199 γένηται
927 1113 1024 1178 οἱονεί
1044 1113 1100 1179 καί
1119 1112 1213 1189 αὐτὸς
1232 1110 1324 1178 καδδ

231 1223 325 1300 τόπος
346 1224 448 1286 ου’τοῦ
466 1218 547 1300 μετὰ
570 1222 625 1302 τῆς
640 1216 777 1292 Ἕνετίας
798 1218 851 1297 έν,
873 1215 1110 1294 συνεκατέβαινε
1130 1215 1169 1301 τῇ
1190 1213 1323 1301 τοιαότη

232 1322 406 1410 α’γχιστείηι,
428 1322 507 1402 ἐμοῦ
527 1342 560 1382 τε
591 1319 645 1382 καί
665 1310 770 1381 ἄλλων
802 1311 953 1381 πλειόνων
974 1312 1204 1378 συναινοόνττον
1228 1316 1324 1378 τοῦτο
1335 1336 1367 1379 ιο

232 1422 289 1486 καί
307 1415 546 1502 ἀναγκαζόντων
574 1415 687 1500 σχεδόν
708 1409 767 1499 ἤδη
798 1413 923 1497 ἐγίνετο.
965 1411 1010 1488 ὥς
1033 1415 1068 1477 δὲ
1088 1415 1210 1495 ἐγένετο
1230 1418 1324 1494 βασι·
1364 1467 1368 1478 .

233 1520 306 1595 istic
331 1521 386 1582 καί
418 1519 560 1600 α’πῆλθεν
580 1518 624 1591 εἰς
644 1513 700 1597 την
720 1512 835 1597 πόλιν,
866 1514 958 1577 τοῦτο
982 1510 1138 1575 α’νοίκτιον
1158 1506 1215 1594 ἦν·
1256 1515 1326 1588 πυός

231 1621 292 1703 γὰρ
315 1616 467 1682 ἐδύναντο
490 1614 519 1680 ai
534 1619 589 1698 τῆς
603 1615 719 1687 πόλεως
733 1603 885 1693 όρχοντες
905 1614 960 1675 καί
980 1610 1188 1693 ἀρχόντισσοιι
1209 1612 1326 1695 κυρίαν

144 1766 149 1770 -
232 1721 287 1783 καί
298 1720 466 1782 δέσποιναν
479 1714 583 1779 αὑτοῖν
598 1710 835 1794 καταδεχθῆναι
848 1711 970 1776 Ἑνετοό
989 1713 1165 1793 θυγατέρα,
1177 1715 1233 1775 καί
1247 1709 1326 1786 τοός

231 1814 397 1902 γαμβροός
419 1813 520 1878 αὐτοῦ
542 1805 742 1888 ταόςόλλους
763 1813 818 1875 καί
826 1809 929 1884 ,υὶοός
949 1807 1172 1892 συγγόμβρους
1192 1808 1249 1873 καί
1268 1815 1368 1892 yar-15

233 1912 462 1998 ναικαδελφοός
483 1907 627 1998 εἶναιτῷ
649 1916 787 1994 βασιλεῖ,
812 1906 940 1986 ἐνδόξου
961 1911 1021 1987 μέν
1041 1907 1117 1982 ἴσας
1139 1908 1192 1973 κατ’
1212 1906 1325 1985 δουκός

233 2009 330 2094 όντος,
353 2010 432 2076 ἄλλα
456 2007 648 2094 πρόσκαιρος
667 2003 717 2094 η’ν.
761 2007 817 2073 κατ’
842 2000 938 2083 αόθις
957 2004 1038 2086 μετό
1061 2006 1094 2071 τό
1116 2009 1252 2088 βασιλέα
1273 2031 1326 2089 γε·

231 2118 345 2180 νέσθαι
379 2109 436 2176 τόν
468 2112 626 2195 αδθέντην
646 2131 710 2191 μου
742 2104 759 2171 δ
794 2105 869 2184 δοόξ
898 2105 1000 2189 ε’ζητει
1021 2103 1056 2169 τό
1077 2112 1221 2187 τοιοῦτο,
1254 2107 1325 2171 ἀλλ’

231 2207 439 2298 ἀπεπέμφθη.
462 2214 564 2276 ἕνεκεν
581 2207 696 2274 τοότου
716 2206 824 2271 λοιπόν
845 2199 1044 2289 δόνθρτοπος
1056 2210 1176 2288 ἐγένετο
1197 2203 1324 2287 ἐχθρός·

233 2310 288 2376 καί
310 2310 410 2374 πολλοὶ
436 2308 575 2383 εἰπόντος
597 2312 655 2371 τοῦ
673 2307 845 2372 Ἀλωόσίου
868 2304 1079 2387 Λαυρεδάνου
1104 2303 1158 2367 καί
1176 2307 1235 2367 τοῦ
1255 2306 1365 2372 ’Λα-πο

232 2408 345 2475 τοονίου
368 2411 485 2474 Διέδου
514 2408 570 2470 καί
593 2398 697 2469 ἄλλων
721 2406 859 2486 πολλῶν,
881 2403 1196 2480 καί·ιι’ποδει“ξόνττον
1225 2397 1326 2467 iusi

205 2508 289 2575 Βκαί
308 2505 435 2594 ἡπόλις
462 2505 593 2593 διαθῇ,
617 2507 746 2589 πλείστη
769 2503 864 2588 ζημίαι
893 2507 1061 2586 συμβαίνει
1081 2504 1137 2567 κατ’
1155 2505 1196 2590 τῇ
1216 2494 1325 2568 ciana

306 2724 332 2796 4.
352 2723 402 2779 τοῦ
420 2721 459 2796 τι]
478 2722 586 2778 ἐκείνου
605 2738 635 2776 π.
655 2720 675 2773 Ρ

235 2969 300 3006 vero
321 2950 486 3014 etiannum,
513 2951 561 3020 qui
579 2966 640 3001 enm
660 2948 791 3002 vidissent
809 2956 915 3001 etcum
934 2964 967 3001 eo
986 2949 1115 3003 collocuti
1142 2959 1243 3012 eaaent,
1261 2968 1323 3021 prn-

236 3024 386 3077 dentiorem
405 3023 544 3074 hominem
562 3021 592 3073 in
616 3021 694 3072 ltalia
714 3022 798 3072 viaum
817 3037 876 3072 ease
902 3018 1046 3088 negabant.
1084 3030 1112 3073 at
1129 3022 1256 3074 abetabat
1274 3039 1322 3074 ne-

235 3097 323 3166 quitia
341 3104 370 3146 et
390 3092 500 3144 invidia.
537 3092 625 3144 nescit
642 3093 713 3143 enirn
732 3090 833 3141 invidia
851 3089 983 3142 honorare
1014 3092 1168 3143 utilitatem.
1187 3094 1265 3144 cniua
1286 3093 1322 3144 rei

236 3184 315 3216 canu
335 3174 394 3216 erat
409 3164 532 3230 aloysius
554 3160 664 3224 ὓίεδιιτ,
689 3163 735 3232 qui
755 3161 821 3213 olim
841 3171 989 3225 curaverat,
1014 3171 1046 3213 ut
1064 3162 1160 3213 beatae
1178 3164 1322 3214 memoriae

236 3230 1322 3373 atti‘ttftattrite„„dtffltatttttssssttizttttit:

237 3392 295 3427 non
315 3376 395 3426 aliam
416 3375 451 3425 ob
469 3392 589 3436 canaam,
606 3375 658 3425 nisi
676 3383 707 3425 ut
727 3373 785 3441 ipre
807 3382 835 3424 et
861 3372 1028 3443 principatus
1048 3390 1109 3425 cum
1127 3375 1241 3425 Venetia
1261 3376 1322 3427 iun·

238 3453 375 3514 gerentur,
395 3461 453 3494 eam
471 3445 625 3496 affinitatem
642 3443 764 3506 admisit,
783 3443 863 3496 nobie
883 3452 912 3494 et
929 3444 990 3495 aliia
1006 3445 1099 3495 multia
1119 3444 1147 3495 id
1169 3445 1322 3514 approban-

238 3517 313 3568 tibus
332 3524 360 3567 et
379 3524 409 3566 nt
427 3515 505 3567 fieret
523 3530 607 3584 paene
631 3514 796 3582 cogentibua.
834 3514 883 3566 aed
906 3523 1048 3584 poatqnam
1070 3516 1218 3583 imperatur
1239 3516 1323 3567 sacena

240 3595 281 3638 eat
302 3593 331 3636 et
349 3586 379 3636 in
396 3584 489 3635 urbem
507 3586 588 3646 venit,
606 3583 803 3636 incommodum
822 3594 887 3636 erat.
924 3584 1061 3706 ηοοιαοδο
1080 3588 1152 3637 enirn
1170 3586 1229 3637 fieri
1247 3594 1325 3656 pote·

239 3665 289 3718 rat,
314 3664 344 3708 ut
362 3655 477 3706 civitatis
505 3655 554 3705 viri
581 3654 743 3707 arseminae
769 3655 905 3725 principes
947 3657 1061 3707 ominem
1082 3664 1111 3707 et
1129 3657 1324 3724 imperatricem

240 3728 394 3797 reciperent
412 3724 511 3776 Veneti
529 3723 620 3785 filiam,
637 3735 666 3777 ct
683 3726 774 3792 generi
791 3742 822 3776 ac
846 3725 897 3776 filii
917 3726 976 3777 ciue
995 3725 1087 3778 affines
1109 3727 1282 3794 imperatorie
1298 3733 1325 3777 et

240 3799 335 3851 fratrea
354 3795 529 3865 imperatricis
548 3795 654 3846 essent?
672 3794 894 3865 quandoquidem
912 3793 968 3846 ‹lnx
985 3795 1132 3848 honoratus
1149 3797 1243 3849 soraan
1261 3804 1325 3857 erat,

240 3869 289 3922 aed
307 3868 342 3920 acl
359 3866 572 3936 tempneiectua.
610 3872 692 3934 atque
710 3864 765 3915 dux
781 3864 893 3935 quidem
910 3867 992 3918 etiarn
1039 3876 1083 3919 oet
1100 3885 1180 3937 quarn
1201 3867 1324 3919 dominae

241 3958 317 3992 meua
334 3941 479 4008 imperator
499 3935 586 3986 iactus
607 3944 666 3997 eat,
695 3934 759 3986 huic
785 3936 921 3988 connubio
947 3884 1082 3996 inaniat.
1100 3936 1148 3988 aed
1168 3938 1324 4008 repudiatae

241 4020 291 4063 eet.
337 4017 448 4080 propter
476 4005 546 4057 hanc
571 4022 676 4056 causam
703 4005 786 4072 igitur
809 4008 832 4057 ia
857 4006 936 4058 nobie
960 4009 1083 4059 inimicus
1101 4017 1175 4069 erat,
1194 4017 1224 4060 et
1244 4024 1324 4079 quana

241 4082 325 4133 malta
349 4078 613 4143 dixissentaiioyaiua
623 4075 796 4128 Lauredanua
814 4085 843 4129 et
851 4078 984 4137 Antonine
1003 4077 1104 4130 Dicdua
1122 4087 1152 4130 et
1171 4080 1221 4131 alii
1240 4078 1324 4139 multi,

241 4151 533 4220 demoaauaaaentque,
563 4149 585 4201 ei
605 4146 668 4201 urba
686 4156 838 4219 caperetur,
857 4164 954 4221 magna
971 4146 1135 4204 detrimenta
1152 4151 1238 4204 etiam
1254 4151 1324 4222 ipra-
