2760 5092
420 610 778 680 mmmm
1069 583 1154 685 Mi

60 761 142 838 λίου,
169 753 326 843 desipitis}
353 759 548 840 σκεψώμεθα
573 762 627 824 καί
652 763 729 843 περί
749 752 890 823 τούτου.Ι
917 763 975 822 καί
991 750 1047 841 μοι
1069 760 1162 837 δοκεῖ(Ι

60 856 105 933 ὥς
125 857 165 920 οδ
183 855 228 940 μὴ
251 856 440 943 κρυβησεται
464 857 483 941 ἦ
504 854 649 941 ἀλήθεια.
703 853 837 922 άκσυσον
856 859 963 922 τοίνυν
983 861 1152 940 νουνεχῶς.

60 965 148 1040 τρεῖς
175 957 255 1021 εἰσίν
283 958 453 1036 νομοθέται
486 953 516 1021 ού
537 954 720 1034 διδάξαντες
752 955 869 1036 νόμους
896 956 1100 1037 καθολικούς,
1135 951 1152 1018 ὅ

61 1057 220 1139 Μωύσῆς,
243 1044 269 1142 ᾧ
289 1054 485 1140 ἠκολούθησε
504 1054 538 1120 τὸ
557 1057 645 1137 γένος
658 1058 719 1119 τάν
735 1055 898 1139 Ἑβραίων,
922 1053 1105 1138 δΧριστύς,
1128 1048 1155 1145 ιβ

30 1153 288 1238 5η’κολούθησαν
316 1153 479 1219 πάντατά
500 1152 579 1238 ἐθνη
600 1156 656 1218 καί
683 1152 713 1219 oi
735 1157 779 1229 εἰς
802 1152 901 1218 αύτύν
930 1155 1154 1230 πιστεύσαντες

60 1252 99 1318 τὸ
113 1259 221 1318 πλεῖον
233 1255 330 1334 μέρος
343 1256 408 1317 τεύν
425 1253 590 1337 Ἑβραίων,
612 1251 682 1318 ἐπεί
698 1250 761 1316 dud
774 1249 896 1317 τούτων
916 1251 945 1318 oi
960 1251 1005 1336 μη
1027 1251 1153 1317 πιστεύ-

61 1375 173 1427 σαντες
192 1355 297 1439 πολλῷ
315 1352 464 1427 ἐλάττους
484 1350 564 1417 εἰσίν
584 1354 689 1416 asianis
711 1349 749 1433 δη
763 1352 825 1416 τάν
845 1351 1078 1416 πιστευσάντων
1099 1352 1156 1416 καί

61 1449 178 1533 σχεδὸν
200 1449 423 1536 εύαρίθμητοι,
444 1454 500 1515 καί
519 1449 715 1532 ύΜωάμεθ,
737 1443 763 1540 ᾧ
776 1451 992 1534 ἠκολούθησαν
1015 1448 1044 1514 οἱ
1060 1454 1153 1514 Μου-

61 1546 248 1631 σουλμάνοι.
302 1541 379 1614 άνεο
403 1548 522 1616 τούτων
554 1549 593 1633 δη
622 1553 687 1615 τῶν
706 1556 803 1633 τριάν
829 1548 933 1633 ἕτερός
953 1575 1001 1625 τις
1023 1549 1153 1627 διδάξας

11 1676 54 1719 10
64 1650 122 1712 καί
140 1648 217 1722 δούς
236 1644 332 1730 νόμον
354 1651 412 1713 σύκ
432 1647 526 1715 ἐστιν.
569 1650 637 1714 αλλ’
659 1648 676 1713 ὅ
697 1655 756 1732 μὲν
777 1653 925 1732 Μωύσῆς
947 1651 1153 1733 μεμαρτύρη-

62 1771 116 1813 ται
137 1741 371 1827 ἀπεσταλμένος
391 1743 472 1812 ebus
495 1746 582 1833 παρά
612 1752 700 1813 θεοῦ.
754 1752 788 1825 ἐξ
809 1749 910 1831 ἀρχῆς
930 1745 976 1813 ἐτι
997 1744 1042 1811 sir
1061 1751 1095 1813 ἐν
1114 1750 1156 1836 τῇ

63 1843 221 1934 Αἰγύπτῳ
249 1848 376 1933 ἐποίησε
405 1857 523 1931 σημεῖα
541 1847 596 1912 καί
619 1851 735 1933 τέρατα
756 1847 902 1931 μεγάλα,
932 1853 987 1912 καί
1006 1849 1154 1928 ἐμάστιξε

62 1942 124 2026 τὴν
144 1943 318 2026 Αἴγυπτον,
342 1947 461 2024 ἐπάξας
480 1949 515 2012 ἐν
535 1947 616 2033 odes]
637 1946 758 2030 πληγάς
777 1942 917 2029 μεγάλας
937 1948 1078 2031 σφόδρα,
1099 1947 1155 2009 καί

63 2040 176 2127 ἔπληξε
196 2041 252 2108 καί
271 2041 476 2127 ἐθεράπευσε,
497 2049 553 2110 καί
571 2050 717 2131 προέλεγε
737 2043 777 2109 τά
798 2043 991 2129 γενησόμενα
1013 2043 1056 2119 ιδς
1075 2067 1154 2128 προ·

13 2145 184 2226 ιὸφὴτης,
206 2140 256 2207 δτι
277 2144 308 2208 εἰ
326 2146 385 2223 μὲν
405 2143 576 2219 ἀπολύσεις
602 2143 662 2210 τάν
682 2143 758 2209 λαύν
778 2147 838 2209 τού
856 2144 952 2224 θεοῦ,
984 2143 1154 2223 α’πύλυσον,

62 2241 96 2304 εί
118 2243 146 2304 δ’
169 2233 246 2317 νύν,
269 2239 308 2306 τά
330 2246 386 2306 καί
405 2240 444 2306 τά
466 2242 681 2326 συμβήσονται
710 2248 766 2309 σοί
781 2267 817 2308 τε
835 2247 889 2307 καί
908 2246 1005 2307 παντί
1022 2245 1066 2330 τῷ
1088 2246 1155 2330 λαηῖ

60 2341 119 2422 τῆς
139 2337 312 2422 Αἰγύπτου.
366 2339 422 2405 καί
441 2339 693 2424 ύπισχνούμενος
714 2339 837 2427 Φαραιέ
859 2340 988 2425 ποιῆσαι
1007 2340 1041 2404 τέ
1066 2338 1153 2425 ῥῆμα

62 2441 176 2522 κυρίου
195 2435 407 2523 ἐθεραπεύετο
435 2438 521 2522 παρά
543 2443 599 2505 τού
615 2444 785 2517 Μωύσέως
811 2439 855 2515 aie
875 2441 1023 2519 ἐξουσίαν
1039 2441 1154 2520 λαβόν-

61 2560 114 2612 τος
137 2537 201 2601 άιτύ
222 2541 314 2602 θεού.
338 2536 420 2620 μετά
443 2541 478 2602 δὲ
492 2541 593 2602 ταύτα
605 2540 752 2622 ἐξέβαλεν
772 2534 951 2622 ύΜωύσῆς
970 2535 1049 2619 μετά
1071 2542 1153 2623 βρα-

9 2665 53 2709 20
61 2640 167 2719 χίονος
198 2635 329 2721 ύψηλεύ
354 2635 389 2702 τύ
410 2641 498 2719 γένος
518 2641 581 2703 seir
596 2638 751 2721 Ἑβραίων
779 2636 813 2703 ἐκ
834 2641 891 2723 γῆς
909 2638 1075 2720 Αἰγύπτου
1098 2635 1155 2702 καί
1261 2648 1270 2665 “

59 2735 116 2818 τῆς
134 2735 278 2809 δουλείας
304 2736 362 2798 τοῦ
384 2732 524 2819 Φαραύ,
555 2732 753 2814 καταδιωξας
783 2738 813 2803 δ’
844 2731 960 2812 αύτούς
986 2730 1004 2798 ύ
1028 2732 1152 2816 Φαραοέ

60 2834 232 2916 ἐποντίσθη
262 2836 296 2897 ἐν
318 2836 357 2918 τῇ
377 2835 501 2922 ἐρυθρᾷ
527 2833 675 2922 θαλάσση
701 2833 782 2915 μετά
804 2836 905 2918 πάσης
928 2835 983 2917 τῆς
1002 2836 1153 2916 στρατιάς

62 2927 167 2996 ἀύτσύ
186 2931 273 3014 παρά
293 2936 349 2996 τού
361 2933 542 3008 Matutae.
585 2933 665 3015 μετά
689 2937 837 2999 δὲταῦτα
859 2929 1041 3014 περιεπάτει
1060 2933 1094 2996 ἐν
1112 2934 1154 3018 τῇ

61 3027 169 3120 ἐρήμην
189 3029 326 3117 χρόνους
343 3027 578 3117 τεσσαράκοντα
599 3036 696 3098 ποιιύν
723 3031 875 3116 θαύματα
897 3024 1026 3117 άπειρα.
1069 3028 1154 3096 ιέλλά

99 3191 310 3268 ’9.τις]δΡ
414 3196 545 3256 sinoti?

64 3350 172 3395 attente
189 3342 292 3394 audias.
327 3348 382 3396 tres
399 3343 568 3413 legislatores
591 3352 663 3408 sunt,
688 3345 734 3417 qui
752 3344 825 3415 leges
843 3345 982 3416 generales
1000 3345 1151 3396 constitus·

64 3422 137 3475 runt,
159 3413 281 3481 Moyses,
309 3430 390 3483 quem
409 3415 592 3467 Hebraeorum
610 3418 684 3468 natio
709 3425 803 3468 secuta
830 3426 884 3480 est,
917 3416 1046 3478 Christus,
1073 3431 1156 3485 quem

63 3491 174 3536 secutae
191 3493 254 3535 sunt
271 3500 363 3536 omnes
383 3493 476 3554 gentes
494 3495 521 3537 et
537 3487 624 3538 maior
641 3503 700 3555 pars
719 3487 918 3549 Hebraeorum,
937 3487 973 3537 ad
995 3485 1075 3536 fidem
1097 3487 1154 3537 eius

63 3570 203 3615 conversa,
222 3554 357 3624 siquidem
375 3557 422 3624 qui
442 3555 522 3606 iidem
542 3559 599 3607 eius
620 3554 736 3626 amplexi
755 3565 818 3608 sunt
837 3556 941 3618 Iudaei,
968 3557 1010 3618 iis,
1030 3556 1078 3624 qui
1093 3572 1154 3607 eum

63 3641 121 3676 non
138 3625 256 3693 amplexi
275 3633 355 3687 sunt,
374 3625 454 3692 ionge
481 3628 572 3695 piures
601 3635 726 3690 suntet,
745 3643 830 3697 prope
851 3627 953 3690 dicam,
981 3626 1056 3678 sacili
1074 3643 1156 3696 opera

64 3695 246 3760 arimerandi3
268 3702 351 3766 atque
371 3695 549 3760 Mobametes,
578 3713 659 3765 quem
678 3697 841 3748 Musulmani
859 3698 946 3749 secuti
968 3705 1039 3749 sunt.
1076 3713 1157 3766 prae-

64 3773 107 3816 ter
117 3765 165 3816 bos
182 3774 245 3828 tres,
264 3766 312 3834 qui
330 3766 416 3833 legem
434 3767 608 3829 constituerit
625 3784 656 3817 oc
672 3766 804 3831 docuerit,
825 3785 904 3820 nemo
923 3776 971 3820 est.
1007 3771 1060 3819 ism
1080 3768 1160 3836 Moy-

64 3851 123 3887 aem
138 3835 249 3904 quidem
279 3853 294 3886 a
324 3836 375 3886 deo
394 3837 503 3888 missum
531 3853 604 3899 esse,
623 3838 652 3889 in
676 3838 799 3889 confesso
819 3846 868 3889 est.
897 3841 986 3891 statim
1007 3839 1040 3889 ab
1058 3839 1160 3900 initio,

63 3923 149 4028 ηοιιω
171 3914 243 3957 esset
259 3905 348 3957 adhuc
365 3908 394 3956 iu
412 3908 543 3977 Aegypto,
563 3908 640 3976 signa
659 3915 688 3959 et
706 3909 835 3959 miracuta
851 3925 948 3977 magna
962 3909 1058 3971 edidit,
1077 3918 1159 3978 utque

89 3984 217 4044 egyptum
235 3977 320 4044 plagis
341 3978 496 4045 ingentibus
511 3979 660 4047 castigavit,
677 3980 823 4047 perterruit
842 3988 870 4030 et
887 3981 1001 4044 domuit,
1020 3997 1051 4030 ac
1068 3979 1159 4030 futura

63 4054 97 4098 ut
114 4046 248 4115 propheto
267 4045 412 4116 praedixit,
431 4049 469 4100 ita
483 4049 589 4100 locutus
605 4047 645 4098 “si
664 4048 822 4099 dimissurus
842 4066 869 4100 es
888 4052 1020 4120 populum
1041 4049 1094 4110 dei,
1115 4048 1158 4098 di-

63 4117 143 4168 mitte
162 4134 239 4179 eum,
267 4118 308 4168 sin
329 4118 433 4180 minus,
463 4119 510 4169 iiia
529 4120 573 4170 vel
601 4120 649 4169 iiia
669 4119 719 4169 tibi
740 4129 767 4170 et
794 4120 869 4170 omni
889 4124 1010 4189 Aegypto
1029 4126 1159 4170 eventura
1186 4152 1189 4155 v

64 4184 154 4242 τουτί’
191 4196 273 4257 atque
292 4188 433 4256 poiiioitus
451 4188 562 4251 Pharao,
586 4189 719 4240 facturum
738 4206 767 4241 se
786 4190 888 4241 iussum
906 4189 1023 4252 domini,
1041 4188 1159 4256 benigne

64 4256 175 4309 babitus
193 4267 235 4310 est
253 4274 268 4309 n
288 4258 390 4324 Moyse,
409 4259 454 4308 cui
471 4258 510 4310 ite
530 4259 646 4311 faciendi
665 4277 680 4309 a
700 4259 753 4312 deo
773 4259 835 4312 duta
854 4268 912 4310 erat
934 4268 1061 4328 potestas.
1098 4266 1160 4328 post

65 4328 133 4379 haee
152 4328 259 4396 Moyses
279 4329 350 4398 gravi
369 4327 479 4378 brachio
499 4338 606 4395 gentem
626 4329 807 4382 Hebraeorum
836 4344 869 4379 ex
887 4333 1008 4398 Aegypto
1028 4337 1055 4379 et
1075 4329 1160 4379 servi-

65 4400 107 4450 tio
131 4397 279 4450 Pharaonis
298 4398 399 4460 eduxit,
417 4406 446 4450 et
461 4409 671 4468 persequentem
687 4417 733 4452 eos
745 4399 909 4451 Pharaonem
928 4415 987 4449 eum
1005 4406 1064 4450 toto
1082 4414 1161 4450 exer-

66 4470 123 4522 citu
142 4469 202 4521 eius
214 4470 250 4555 'in
265 4471 333 4522 mari
353 4466 433 4522 rubro
451 4470 613 4523 summersit.
652 4467 752 4524 deiude
770 4470 799 4521 in
818 4469 930 4538 regione
949 4467 1055 4523 deserte
1076 4485 1161 4522 annos
