2760 5092
211 225 296 316 288
488 227 489 231 ‘
525 248 699 315 nnoncn
732 252 975 317 suessanae

208 409 315 473 πᾶσαν
342 401 434 466 arisai
459 391 518 463 οόκ
546 393 661 484 ῆθελον
690 403 914 486 δουλωθῆναι,
946 399 1027 468 dilui
1055 404 1178 483 μᾶλλον
1198 398 1305 486 ἔλεγον

206 509 379 570 αἰιοθανεῖν
414 508 555 583 κρεῖττον
576 494 599 585 'l
618 496 687 585 ζῆν.
745 504 885 587 Τοῠρκος
907 506 944 568 δέ
961 527 1008 579 τις
1027 505 1072 590 τῷ
1093 504 1202 591 α’μῆρᾷ
1223 502 1303 568 α’να-

207 603 314 692 φορὰν
332 598 466 686 ποιήσας
487 601 562 682 περί
582 602 637 685 τῆς
655 595 776 666 τούτων
796 600 940 686 α’νδρίας,
962 606 1150 688 προσέταξεν
1170 605 1224 666 ἳνα
1244 627 1302 665 να·

206 707 345 769 τὲλθωσι
363 701 444 782 μετὰ
466 696 658 781 συμβάσεως
678 699 734 764 καί
752 692 832 764 dan
853 699 1019 786 ἐλεύθεροι
1039 694 1135 765 αότοί
1147 724 1181 765 τε
1203 703 1261 765 καί
1280 697 1300 786 ἦ

205 805 285 878 ναῦς
304 802 411 866 ου’ταῖν
432 801 488 864 καί
506 797 633 882 πόσοιῆ
664 796 824 884 ιέποσκευῆ
853 796 893 883 ῆν
915 795 1010 883 εἶχον.
1052 802 1109 863 καί
1126 795 1228 878 οότως
1247 807 1331 884 pst

206 905 348 983 νομένων
365 895 461 964 πόλιν
487 893 580 980 μόλις
601 900 637 962 ἐκ
656 900 715 963 τοῦ
741 893 864 980 πόργου
888 898 1021 976 τούτους
1051 895 1180 964 ἔπεισαν
1201 901 1301 964 α’πελ-

205 1007 287 1067 θεῖν.
329 997 386 1063 καί
405 995 462 1062 δόο
481 1000 540 1077 μὲν
561 994 756 1084 ου’τοίδελφοι
775 999 906 1080 Ἰταλοί,
931 1003 1066 1075 Παῦλος
1087 997 1142 1062 καί
1159 1000 1304 1088 Τρωΐλυς

206 1093 358 1183 τοόνομα,
384 1099 418 1162 έν
444 1098 490 1183 τῷ
511 1099 739 1185 διατεταγμένοι
766 1097 878 1173 ου’τοῖς
897 1097 983 1187 τόπῳ
1003 1095 1085 1179 μετό
1109 1100 1165 1170 sai
1186 1092 1304 1181 ἑτέρων

206 1202 330 1264 πολλῶν
358 1199 510 1281 γενναίως
542 1192 699 1278 ε’μόχοντο
729 1197 786 1260 καί
803 1194 879 1272 τούς
907 1200 1077 1281 πολεμιόυς
1098 1199 1200 1273 κακῶς
1218 1199 1305 1261 ,έπε-

162 1301 342 1382 δέδι’ωχνον
362 1298 417 1360 καί
435 1294 492 1359 οὐκ
515 1288 628 1379 όγεννῆ
641 1292 825 1380 συμπλοκῆν
844 1298 901 1360 καί
913 1294 1065 1380 σύρραξιν
1087 1299 1223 1378 έποίουν,
1246 1299 1306 1361 καί
1316 1330 1356 1374 to

146 1466 149 1489 1
208 1397 308 1486 φόνος
330 1388 370 1480 ῆν
388 1394 584 1478 α’ναμεταξό,
615 1398 696 1478 λέγω
713 1399 779 1460 τῶν
811 1392 870 1460 δόο
890 1401 998 1480 μερῶν
1028 1398 1090 1461 ταῖν
1109 1400 1304 1479 μαχομένων

206 1499 263 1562 καί
291 1492 571 1578 ὖπερμοιχοόντων.
623 1498 779 1582 στραφεὶς
800 1497 835 1559 δὲ
857 1493 876 1557 ό
897 1497 1033 1571 Παῦλος
1053 1496 1108 1559 καί
1128 1494 1211 1579 όροόν
1229 1494 1306 1571 τούς

204 1598 374 1676 πολεμίους
394 1591 514 1660 ἔσωθεν
528 1594 585 1677 τῆς
595 1589 716 1669 πόλεως
730 1599 812 1678 λέγει
825 1598 868 1683 τῷ
889 1596 1018 1682 α’δελφῷ
1036 1594 1141 1659 αὑτοῦ
1155 1588 1205 1659 “sd
1227 1595 1307 1680 φρί-

206 1700 258 1774 ξον
278 1690 371 1778 ῆλιεί
411 1687 439 1759 cd
458 1695 607 1769 στέναξον
626 1694 666 1778 γῆ
678 1700 692 1757 !
732 1688 815 1759 ἓόλω
838 1695 857 1777 ἦ
880 1691 984 1776 πόλις,
1005 1693 1090 1777 ἡμᾶς
1111 1696 1146 1758 δὲ
1166 1695 1223 1759 τοῦ
1244 1716 1304 1758 πυ·

204 1800 312 1875 λεμεῖν
332 1796 495 1879 παρῆλθεν
517 1790 537 1876 ῆ
559 1788 642 1875 ὥρα.
691 1793 759 1858 ἀλλ’
780 1792 862 1880 ὑπὲρ
883 1796 939 1879 τῆς
960 1792 1121 1880 σωτηρίας
1140 1792 1250 1880 ἡμῶν,
1272 1794 1307 1860 εἰ
1319 1801 1356 1867 15

206 1889 353 1975 δυνατόν,
376 1894 625 1978 φροντισωμεν.”

288 1990 362 2058 Καί
383 1988 483 2068 οὕτως
504 1994 664 2075 ἐγκρατεῖς
693 1989 724 2057 οἱ
743 1994 887 2075 πολέμιοι
916 1991 1020 2077 πόσης
1038 1993 1095 2078 τῆς
1114 1993 1234 2070 πόλεως
1251 2016 1306 2077 γε·

204 2087 330 2176 γονότες
349 2090 452 2180 ἡμέρᾳ
472 2095 579 2178 τρίτῃ,
600 2086 669 2177 ιόρα
689 2085 728 2178 ῆν
748 2096 802 2176 τῆς
831 2090 953 2176 ἡμέρας
980 2090 1008 2175 β
1031 2092 1088 2157 καί
1106 2087 1226 2177 ῆμισυ,
1247 2095 1307 2157 τοῦ

207 2192 308 2286 ‘edio'
331 2189 433 2270 ἔτους,
455 2194 494 2278 τῆ
514 2189 562 2255 κθ
583 2189 684 2275 μηνός
704 2194 830 2259 Μαΐου.
852 2193 988 2257 καὶτῶν
1007 2196 1067 2272 μὲν
1088 2187 1305 2276 προσπιπτόν-

202 2318 265 2359 των
286 2285 324 2377 ῆν
355 2291 481 2377 οἷρπαγῆ
503 2291 559 2355 καί
587 2293 802 2373 αἰχμαλωσία,
829 2297 895 2356 των
915 2293 951 2356 δὲ
973 2294 1304 2373 καταλαμβανομένων
1314 2321 1356 2363 αα

203 2394 261 2456 καί
278 2391 516 2472 ἀνθισταμένων
536 2392 666 2477 σφαγῆ·
709 2392 766 2455 καί
785 2385 937 2472 οόδοιμαῖς
957 2388 978 2473 ῆ
999 2395 1039 2474 γῆ
1060 2386 1094 2454 έν
1107 2413 1172 2454 τισι
1193 2386 1304 2466 τόποις

203 2492 240 2555 ε’νι
264 2491 327 2556 τῶν
357 2492 475 2574 νεκροόν
504 2487 695 2575 διεφαίνετο.
738 2492 795 2553 καί
827 2482 867 2574 ῆν
895 2491 976 2556 ἰδεῖν
1000 2493 1111 2572 θέαμα
1141 2491 1230 2567 ’ξένον
1245 2492 1306 2554 καί

203 2589 344 2677 θρῆνους
374 2585 507 2665 πολλοὺς
525 2590 593 2676 διιαί
612 2589 773 2666 ποικίλους
803 2590 860 2659 κατ’
882 2587 1078 2676 α’μετρῆτους
1106 2587 1304 2674 α’νδραποδι-

275 2763 542 2891 ρὲἑλφυνιῆρᾶσιωνθ
650 2781 675 2835 γ.
691 2760 796 2820 Ἰταλοὶ
812 2780 856 2817 σαι
874 2765 895 2816 P
1021 2765 1062 2835 ιλ.
1083 2764 1128 2835 γῆ.
1153 2767 1184 2818 τί
1198 2762 1303 2836 τοῦπος

204 2992 316 3044 luerunt
332 2998 423 3043 tamen
440 2989 493 3059 ipsi
511 2986 609 3058 subigi,
621 2987 670 3041 sed
686 2995 800 3039 mortem
816 2987 873 3039 vita
886 3002 944 3038 esse
962 2987 1194 3056 praestabiliorem
1213 2987 1301 3041 duce·

203 3063 280 3116 bant.
311 3061 346 3114 de
372 3078 486 3132 quorum
512 3061 612 3111 virtute
636 3076 721 3128 quum
738 3060 827 3111 Turca
852 3059 954 3127 aliquis
972 3075 1078 3110 amarae
1098 3061 1301 3123 renuntiasset,

205 3134 339 3195 edixitis,
360 3141 391 3185 nt
411 3149 444 3183 ex
461 3138 541 3202 pacto
560 3129 758 3188 descenderent
779 3137 883 3181 etcum
902 3129 965 3180 navi
985 3136 1013 3180 et
1033 3130 1105 3181 omni
1124 3130 1300 3200 supellectile

204 3223 253 3258 sua
272 3205 350 3256 liberi
372 3211 472 3255 essent.
504 3209 533 3253 at
556 3190 729 3271 sic‘quoque
748 3216 826 3268 aegre
846 3201 878 3252 iis
899 3208 1100 3268 persuaserunt,
1117 3210 1149 3253 ut
1171 3199 1300 3253 discede·

204 3284 273 3328 rent.
293 3275 346 3327 duo
367 3273 461 3326 fratres
478 3273 551 3335 Itali,
566 3272 664 3324 Paulus
678 3281 706 3324 et
719 3271 828 3323 Troilus
843 3269 1007 3332 nominibus,
1025 3271 1055 3323 in
1068 3271 1133 3323 loco
1153 3270 1205 3322 sibi
1223 3289 1301 3324 com-

203 3354 285 3398 misso
301 3362 361 3395 cum
375 3344 437 3396 aliis
451 3344 543 3396 multis
562 3360 693 3413 generose
711 3342 890 3406 decertantes,
911 3340 1003 3394 hostes
1019 3343 1116 3392 acriter
1126 3341 1301 3411 repellebant

205 3425 234 3468 et
250 3414 322 3466 baud
338 3415 389 3466 levi
408 3415 574 3466 dimicabant
610 3415 703 3477 roelio,
720 3422 748 3465 et
766 3421 951 3482 utrorumque,
969 3420 1027 3464 tum
1043 3414 1221 3481 pugnantium
1240 3422 1300 3465 turn
1328 3457 1352 3477 N,

205 3485 424 3547 defensantium,
450 3485 547 3536 caedes
566 3432 726 3538 edebantur.
753 3484 898 3553 respiciens
922 3490 1012 3533 autem
1032 3483 1128 3534 Paulus
1147 3480 1299 3554 hostesque

204 3559 275 3609 intra
293 3555 386 3607 urbem
405 3556 584 3625 conspicatus,
602 3555 637 3606 ad
654 3556 764 3607 fratrem
787 3569 931 3606 conversus
956 3551 992 3605 “o
1013 3553 1064 3615 sol,
1080 3552 1231 3616 horresce,''
1253 3556 1300 3606 in.

204 3628 282 3699 quit.
297 3624 333 3676 “o
351 3625 450 3687 tellus,
483 3623 640 3747 inpemiscel
658 3634 736 3694 capta
754 3623 816 3676 urbs
836 3633 893 3687 est,
911 3632 939 3675 et
958 3621 1099 3693 pugnandi
1116 3633 1224 3694 tempus
1242 3626 1299 3678 iana

204 3697 353 3772 praeteriit
372 3703 489 3747 attamen
528 3697 648 3748 esalute
665 3704 767 3756 nostra,
784 3695 807 3746 si
828 3712 882 3764 qua
903 3711 965 3764 spes
984 3702 1033 3757 est,
1054 3694 1230 3763 cogitemus?

275 3770 316 3819 lta
327 3766 418 3818 bostes
433 3774 490 3817 tota
501 3765 567 3818 urbe
579 3766 661 3834 potiti
672 3775 736 3818 sunt
745 3764 790 3816 die
803 3766 892 3828 tertio,
905 3763 971 3816 bora
989 3764 1149 3818 secundaret
1167 3765 1298 3831 dimidia,

204 3856 277 3893 anno
285 3839 365 3905 6961,
374 3837 474 3889 mensis
485 3837 552 3889 Maii
561 3835 607 3888 die
616 3852 659 3902 ορ.
670 3837 717 3905 qui
729 3837 870 3899 irruerant,
879 3836 1023 3906 rapiebant
1034 3845 1062 3888 et
1075 3837 1195 3906 captivos
1213 3837 1300 3890 facie·

204 3911 280 3973 bant,
288 3911 336 3981 qui
346 3907 521 3977 capiebantur
529 3915 558 3959 et
566 3906 736 3969 resistebant,
746 3905 939 3970 mactabantur,
950 3915 1033 3977 etque
1043 3907 1183 3959 nonnullis
1192 3909 1220 3958 in
1228 3909 1299 3962 locis

203 3999 269 4051 prae
279 3981 438 4032 cadaverum
450 3977 626 4030 multitudine
637 3994 692 4029 non
702 3977 852 4046 apparebat
865 3986 943 4030 terra.
959 3977 1070 4030 vidisses
1080 3995 1180 4030 novum
1193 3988 1301 4048 specta·

205 4051 305 4114 culum,
324 4053 442 4106 lamenta
458 4051 543 4102 multa
554 4058 582 4100 et
593 4049 674 4110 varia,
693 4048 798 4117 rapinas
813 4049 975 4109 innumeras,
989 4047 1089 4117 quibus
1099 4049 1226 4102 mulieres
1244 4052 1301 4120 psi-

205 4124 323 4187 marise,
350 4123 467 4193 virgines
496 4129 524 4174 et
540 4118 592 4172 deo
621 4128 809 4185 consecratae,
840 4119 946 4191 capillis
977 4128 1005 4172 et
1032 4119 1150 4173 crinibus
1170 4140 1184 4172 a
1203 4121 1301 4174 Tssrcis
