2760 5092
232 235 317 338 334
545 257 720 326 cronon
750 261 993 326 rnnsunann

230 416 393 499 γελίξυμαι
430 411 508 492 δμῖν
537 409 591 474 ἵνα
629 408 800 494 γινώσκητε
831 407 881 477 ὅτι
908 420 978 493 μετ’
1004 413 1061 494 ἐμέ
1080 413 1190 494 μέλλει
1217 414 1322 487 ἐλθεῖν

230 513 250 577 ὁ
279 507 452 586 α’πόστολος
480 506 536 572 καί
555 505 720 595 προφήτης
741 511 909 591 Μμοίμεθ.
956 510 993 578 τὸ
1015 512 1092 576 αδτό
1115 514 1184 577 εὀτι
1205 512 1324 590 καλεῖς

229 609 265 677 τὸ
297 612 355 675 τοῦ
375 609 545 684 Μωῦσέως
563 604 709 674 παλαιόν.
760 608 848 675 οἶδέ
880 613 1073 695 Χριστιανοὶ
1112 608 1325 698 φθονήσαντες

231 713 379 791 ἐξέβαλον
399 705 480 772 αὐτὸ
500 705 563 772 α’πδ
586 712 646 773 τοῦ
665 710 863 792 ευάγγελίου.
904 713 963 775 καί
978 703 1027 776 δτι
1045 707 1088 795 μή
1109 709 1205 792 μόνον
1224 714 1272 787 εἷς
1290 708 1326 777 τὸ

229 809 412 892 ἐὐαγγέλιον
440 809 495 872 καί
523 804 558 872 έν
577 810 620 895 τῷ
637 811 763 895 παλαιῷ
791 808 955 891 εὑρίσκετο
975 814 1191 893 γεγραμμένον
1208 809 1245 875 τὸ
1268 811 1351 885 τοῖι5

232 907 389 987 Murius&
407 899 520 990 ὄνομα,
542 904 622 970 α’λλοὶ
642 909 698 971 καί
725 909 760 972 ἐν
780 917 846 983 τοῖς
868 910 982 986 δεξιοῖς
1000 912 1112 991 μέρεσι
1129 913 1186 974 τοῦ
1206 907 1326 993 θρόνου

230 1012 290 1072 τοῦ
309 1009 390 1069 θεοῦ
409 1005 588 1090 εὑρίσκεται
608 1009 831 1087 γεγραμμένον.
874 1010 930 1071 καί
958 1001 1004 1072 δτι
1025 1003 1044 1092 ἦ
1066 1011 1130 1074 τῶν
1149 1013 1328 1074 Μουσουλ-

229 1103 339 1188 μα’νων
359 1109 463 1181 πίστις
485 1103 547 1168 α’πὸ
569 1106 628 1168 τοῦ
641 1104 792 1188 Ἁβραάμ
814 1105 1007 1188 εὑρίσκεται,
1030 1108 1085 1170 καί
1096 1102 1144 1172 δτι
1160 1103 1327 1190 παραβάν-

228 1230 280 1280 τες
300 1203 328 1269 οἱ
350 1207 544 1287 Χριστιανοὶ
562 1202 617 1268 τὸν
636 1208 694 1269 τοῦ
715 1207 885 1280 Μωυσέως
905 1202 1002 1286 νόμον
1023 1203 1104 1270 εἰσίν
1124 1200 1208 1283 ἄξιοι
1228 1230 1326 1288 κατη-

229 1307 339 1389 γορίας
370 1302 425 1367 καί
443 1305 615 1383 μέμψεως,
632 1308 844 1386 κατηγοροῦσι
875 1305 910 1370 δὲ
942 1303 1018 1381 τούς
1046 1306 1324 1386 Μουσουλμὰνους
1337 1333 1368 1374 10

228 1401 302 1479 τούς
323 1405 432 1480 α’ξιόυς
453 1403 584 1465 ἐπαίνου
605 1404 662 1464 καί
680 1392 781 1484 τιμῆς.

317 1500 423 1566 Ταῦτά
443 1503 525 1565 εἰσιν
547 1496 640 1564 ἅτινα
660 1499 748 1584 παρὰ
769 1498 1109 1582 ταῖυΜουσουλμὰνων
1130 1498 1326 1588 κατηγορού-

227 1607 314 1682 μεθα
337 1597 366 1665 οἱ
391 1602 588 1684 Χριστιανοί.
632 1596 876 1684 ἀπολογούμεθα
905 1604 941 1665 δὲ
968 1597 1086 1682 οὕτως,
1111 1596 1161 1667 δτι
1176 1600 1255 1677 θεὸς
1276 1605 1326 1667 έν-

230 1698 303 1782 δεη“ς
323 1699 379 1763 καί
397 1699 511 1780 χρείαν
532 1697 617 1773 τινὸς
637 1695 720 1779 ἔχων
741 1701 799 1762 ουίι
819 1697 888 1764 ἔστι
908 1698 992 1776 θεός.
1036 1700 1053 1764 δ
1075 1698 1204 1785 ποιητὴς
1222 1704 1324 1784 ου’ρα·

226 1801 287 1863 νοῦ
304 1820 339 1861 τε
358 1800 413 1862 καί
430 1799 488 1880 γῆς
509 1796 564 1860 καί
582 1793 705 1861 πάντων
734 1802 798 1863 τῶν
818 1800 1115 1883 δημιουργηθέντων
1137 1801 1171 1864 έν
1194 1802 1323 1881 ου’τοῖς,
1336 1809 1366 1871 15

229 1897 246 1963 ὃ
268 1897 399 1982 ποιήσας
413 1896 487 1972 τυδς
500 1897 651 1980 οἶγγέλους
664 1900 719 1961 καί
731 1895 806 1974 τούς
820 1896 1024 1982 α’νθριδπους,
1040 1901 1153 1983 χρείαν
1167 1896 1253 1974 τινδς
1267 1902 1325 1963 ουίτ

227 1991 325 2080 εἶχεν,
340 1995 419 2061 α’λλά
432 1995 485 2061 δια
500 1998 601 2080 μόνην
616 1994 796 2080 α’γαθότητα
811 1999 866 2060 καί
875 2000 1005 2081 θέλησιν
1018 1999 1144 2080 ἐποίησε
1156 1997 1196 2061 cti
1210 1993 1324 2062 πάντα.

227 2100 299 2162 incl
317 2100 394 2180 γοῦν
411 2099 505 2160 τοῦτο
518 2090 618 2171 οὕτως
639 2092 708 2177 ἔχει
728 2100 782 2160 καί
802 2097 906 2171 ου’δείς
920 2100 1008 2161 ἐστιν
1028 2093 1045 2159 ὁ
1066 2096 1245 2179 α’ντιλίγων,
1267 2120 1324 2159 κα-

228 2199 290 2273 καῖς
310 2190 376 2278 ἄρα
394 2197 570 2281 ἐφθέγξατο
595 2191 785 2275 ὅΜωάμεθ
805 2193 848 2269 οἷς
870 2197 969 2278 δῆθεν
989 2189 1057 2259 εἶπε
1077 2193 1158 2278 πρὸς
1182 2191 1285 2260 ατίτδν
1305 2193 1324 2258 δ

227 2293 301 2370 θεὸς
323 2291 374 2362 δτι
397 2293 435 2360 τοὶ
457 2291 562 2359 πάντα
594 2296 727 2377 ἐποίησα
749 2291 802 2357 διὰ
825 2293 881 2374 σε’,
909 2295 964 2357 καί
983 2297 1019 2358 σὲ
1040 2294 1081 2356 δι’
1103 2296 1180 2373 έμὲ·
1222 2293 1241 2355 δ
1261 2291 1364 2378 γάρω

227 2393 305 2471 θεδς
318 2396 432 2478 χρείαν
459 2390 547 2468 τινὸς
577 2394 635 2456 ουίι
656 2389 733 2474 ἔχει.
788 2387 838 2457 δτι
869 2394 903 2457 δὲ
929 2392 1032 2475 ἧτῶν
1053 2391 1323 2473 Μουσουλμτένοον

226 2480 334 2569 πίστις
357 2494 414 2556 ουἰι
434 2485 474 2576 ἦν
494 2488 556 2555 α’πό
575 2495 634 2556 τοῦ
649 2491 797 2574 Ἀβραὰμ
818 2491 861 2567 ὥς
882 2490 1068 2572 ὁΜιοάμεθ
1084 2496 1187 2574 λέγει,
1211 2489 1246 2570 ἐξ
1263 2492 1322 2556 ου’.

226 2597 284 2658 τοῦ
304 2595 359 2657 τοῦ
379 2589 537 2670 Mucius&
554 2588 623 2673 ἔχει
644 2591 700 2654 τὸν
720 2587 866 2673 ἔλεγχον·
922 2588 1021 2667 αι’τδς
1041 2589 1100 2676 γάρ
1123 2589 1243 2655 ἐστινὸ
1263 2591 1322 2675 α’ρ-
1361 2601 1364 2609 ’

226 2691 326 2777 χηγδς
357 2693 413 2754 καί
428 2692 600 2775 ,νομοθέτης
627 2693 691 2754 τῶν
722 2689 872 2754 τοιούτων
894 2687 1078 2773 δογμάτων.
1125 2691 1157 2753 εἰ
1177 2691 1213 2754 δέ
1234 2692 1322 2755 ἐστιν

297 2843 323 2879 n.
343 2826 383 2887 είς
399 2816 449 2890 τὴν
464 2854 500 2865 -
517 2821 648 2879 παλαιάν
663 2824 684 2877 Ρ

228 2945 311 2998 luisse
328 2945 357 2996 in
373 2943 523 3013 evangelio,
542 2944 649 2997 Christo
668 2943 775 2996 ludaeis
788 2942 896 2996 dicente
912 2942 1100 3013 “evangelium
1118 2942 1197 2996 'vobis
1214 2944 1318 3013 imper-

226 3017 277 3079 tio,
297 3034 351 3087 quo
371 3016 548 3085 cognoscatis,
567 3024 629 3085 post
646 3033 690 3066 me
707 3023 850 3068 venturum
864 3031 922 3066 esse
940 3015 1092 3085 apostolum
1110 3022 1138 3066 et
1176 3013 1318 3083 rophetssn

226 3085 446 3152 Molrnmstem;”
463 3086 535 3139 idem
555 3087 584 3137 in
601 3086 702 3153 Moysis
728 3086 840 3138 vetustis
857 3086 935 3137 libris
963 3086 1064 3152 luisse;
1085 3083 1134 3137 sed
1195 3085 1319 3137 ristinnos

227 3159 331 3211 invidia
351 3165 499 3213 commotos
517 3157 630 3209 eiecisse
649 3156 677 3208 id
696 3171 730 3207 es
746 3156 895 3224 evangelio.
922 3172 973 3208 nec
990 3173 1053 3208 vero
1072 3155 1102 3207 in
1119 3155 1178 3207 solo
1200 3172 1319 3224 evange·

226 3229 267 3280 lio
286 3238 315 3281 et
330 3229 443 3280 vetustis
469 3227 547 3279 libris
573 3229 657 3279 llrisse
676 3226 837 3278 Mohametis
862 3243 981 3290 nomen,
1007 3226 1056 3277 secl
1076 3226 1157 3277 stiam
1176 3226 1206 3277 in
1224 3226 1318 3278 dextre

226 3309 304 3369 porte
332 3300 424 3350 throni
449 3296 494 3349 dei
521 3298 648 3367 scripturn
673 3313 739 3349 esse.
777 3296 877 3349 deinde
901 3298 1133 3348 Musulrnsnorum
1159 3298 1318 3364 religionem

227 3370 316 3439 repeti
335 3369 369 3420 nb
387 3369 550 3431 Abraham,
569 3377 597 3420 et
608 3369 784 3431 Christianos,
798 3370 845 3438 qui
859 3368 945 3435 legem
956 3368 1058 3434 Moysis
1076 3368 1225 3435 negligant,
1245 3368 1318 3438 ipsos

228 3441 401 3492 accusatione
431 3447 459 3490 et
483 3438 693 3511 reprehensione
717 3438 905 3508 dignoscere,
930 3455 1013 3508 quum
1032 3437 1221 3490 Musulrnanos
1238 3437 1317 3490 laudo

229 3518 258 3562 et
276 3511 381 3562 honore
399 3508 496 3576 dignos
515 3511 697 3561 criminentur.
1337 3563 1341 3577 ¹

319 3580 392 3631 llaec
412 3589 492 3644 sunt,
511 3596 581 3651 quus
599 3598 614 3631 a
632 3579 809 3631 Musnlmsnis
828 3576 907 3630 nobis
934 3577 1132 3648 exprobrantur
1147 3577 1318 3632 Christimis.

226 3650 355 3725 quesita
374 3651 538 3712 refutamus,
567 3659 600 3702 ut
622 3651 646 3701 si
670 3650 754 3702 ullius
772 3651 812 3700 rei
829 3665 910 3717 egens
933 3657 961 3700 ct
976 3649 1084 3717 indigus
1102 3649 1170 3701 deus
1189 3651 1235 3713 sit,
1256 3654 1317 3702 enrlt

225 3739 282 3775 non
302 3738 361 3774 esse
378 3719 459 3771 <lcum
481 3721 608 3772 dicamus.
626 3720 772 3772 fabricator
789 3721 860 3772 coeli
878 3728 907 3770 et
923 3728 1011 3771 terrac
1033 3729 1061 3771 et
1078 3737 1168 3773 rerum
1187 3722 1316 3784 omniurn,

247 3809 298 3846 nae
316 3795 344 3844 in
363 3791 459 3842 iisdem
487 3793 573 3843 sactae
591 3797 673 3853 sunt,
691 3791 784 3861 etqui
808 3789 918 3859 angelos
936 3798 965 3841 et
982 3788 1106 3843 homines
1125 3792 1236 3854 creavit,
1254 3791 1318 3844 nul·

225 3865 278 3916 lsus
304 3864 344 3915 rei
368 3862 492 3930 indigens
520 3870 592 3923 erat,
618 3858 666 3912 sed
690 3877 723 3911 ex
742 3861 802 3912 sola
827 3859 995 3928 benignitate
1016 3870 1045 3912 et
1059 3861 1202 3914 voluntate
1221 3868 1317 3914 cuncte

226 3935 300 3987 fecit
336 3933 435 4004 quodsi
455 3932 507 3984 hoc
524 3933 563 3984 its
582 3940 631 3994 cst
650 3946 701 3982 nec
718 3932 861 4020 quisquam
880 3939 973 3983 contra
991 3931 1065 3995 dicit,
1082 3932 1154 3985 mals
1172 3933 1317 3985 Mohesns'·

225 4012 268 4056 tes
285 4004 431 4067 affirmavit,
449 4003 529 4055 clerrrn
547 4002 599 4054 sibi
615 4001 716 4053 dixisse
738 4000 846 4054 ‘cuncta
863 4011 978 4072 propter
998 4010 1024 4055 ts
1046 4003 1099 4054 feci
1117 4011 1146 4055 et
1161 4011 1190 4056 te
1206 4011 1316 4074 propter

224 4072 295 4126 σιτί’
329 4077 431 4145 qnippe
447 4075 551 4126 nullius
568 4074 606 4124 rei
626 4071 693 4123 «leus
712 4079 783 4140 eget.
799 4073 1030 4141 Musulrnanorum
1049 4074 1209 4142 religionem
1228 4083 1315 4126 auten

224 4159 282 4199 non
302 4144 336 4197 ab
348 4145 499 4199 Abrahamo
520 4141 694 4215 repetendum
712 4159 780 4210 esse,
797 4151 829 4196 ut
841 4143 1008 4197 Mohernetes
1027 4143 1104 4210 elicit,
1125 4162 1159 4198 ει
1177 4146 1238 4216 ipso
1256 4145 1314 4197 llo·
