2782 5100
238 226 320 317 138
550 256 725 325 onouon
755 255 1001 324 nnuturntn

230 409 338 474 ταῦτα
359 404 420 473 dut
441 415 555 492 χεῖρας
576 409 631 474 καί
651 410 801 486 ε’λθόντες
816 409 975 490 ἐπείσαμεν
988 409 1064 492 περὶ
1082 406 1140 486 τός
1153 404 1256 484 πόλας
1276 407 1335 472 τοῦ

230 507 380 590 κόπρου.
425 503 469 582 ὥς
499 510 535 574 δὲ
555 512 705 590 ἐκείμεθα
725 510 762 595 τῇ
792 509 834 584 κς’
857 511 917 571 τσό
938 511 1042 574 adsoni
1059 506 1159 593 μηνός
1178 508 1334 590 Μαρτίου

229 601 313 687 μετό
333 603 393 688 την
417 609 475 670 τοῦ
493 604 633 691 μεγάλου
664 606 830 690 σαββάτου
852 608 1045 674 α’κολουθίαν
1070 601 1141 690 ἢτοι
1159 604 1217 691 τὴν
1235 608 1333 669 θειάν

227 706 460 788 μυσταγωγίαν,
483 704 712 791 α’ριστήσαντες
729 707 935 788 καθεζόμεθα
949 708 983 772 ἐν
998 710 1036 792 τῇ
1056 707 1245 792 παρεμβολῇ
1259 696 1333 789 ἦτοι

228 804 328 892 σκηνῇ
340 805 399 867 τοῦ
411 803 571 871 αόθίυτου
581 806 671 891 ἡμῶν
680 810 919 889 συνομιλοῦντες
929 808 1005 890 περί
1012 808 1144 872 πολλῶν.
1157 804 1227 872 ἰδοὺ
1239 799 1361 891 όφνω5

151 979 156 986 ¹
228 906 311 980 τινὲς
332 902 429 985 όλίγσι
442 901 575 990 ἔφιπποι
588 908 721 988 ἐξῆλθον
740 909 798 990 τῆς
814 906 915 990 πόλης
928 909 984 990 τῆς
999 908 1193 990 καλουμένης
1205 904 1334 987 Ἑβραϊ-

229 1008 286 1087 κῆς
302 996 324 1088 ἢ
343 1005 402 1067 τοῦ
422 1007 655 1087 Ζευγαλατείου
673 998 778 1088 (οὕτω,
795 1004 856 1088 γοὶρ
873 1004 1085 1093 ὠνομάζετο),
1109 1007 1165 1069 καί
1184 1002 1228 1081 σός
1249 999 1333 1089 ἐφό-

228 1127 344 1189 κησαν,
377 1104 569 1186 διωχθέντες
600 1106 751 1189 εἰσῆλθον
781 1104 834 1169 διό
864 1108 919 1188 τῆς
947 1107 1005 1169 τοῦ
1032 1106 1181 1187 αἰγιαλοῦ
1212 1101 1332 1187 πόλης·

228 1206 330 1270 ἐκεῖσε
363 1205 659 1280 κατασκευαστικιῖς
686 1197 769 1289 ἦσαν
796 1201 911 1280 πάντες
946 1202 977 1268 σί
1002 1207 1060 1268 τοῦ
1088 1190 1228 1285 κόστρσυ
1250 1198 1331 1282 μετό

228 1304 392 1387 τζαγκρσόν
414 1305 471 1366 καί
484 1301 581 1382 τόξων
600 1302 656 1368 καί
673 1303 846 1370 σκολόπων.
888 1302 1034 1389 εδρεθείς
1055 1293 1113 1367 σόν
1135 1297 1152 1366 ό
1173 1296 1332 1384 δεσπότης
1345 1324 1389 1365 rr:

230 1396 317 1485 κόγοό
336 1402 580 1485 προβαδίζοντες
602 1401 662 1487 πρό
685 1407 744 1469 τοῦ
757 1405 900 1488 διωγμοῦ
919 1406 982 1469 ταῖν
1004 1404 1195 1488 εἰρημένων,
1217 1397 1272 1464 διό
1292 1398 1329 1464 τό

229 1498 305 1574 ῐῡῦς
325 1499 441 1575 ἵππους
469 1499 560 1584 ἡμῶν
582 1501 756 1588 εὑρεθῆναι
786 1500 866 1568 κατό
886 1502 1061 1587 συγκυρίαν
1079 1501 1332 1586 ἦτοιμασμένσυς

230 1594 362 1683 πλησίον
377 1599 433 1683 τῆς
453 1600 597 1687 γεφύρας
622 1604 677 1687 της
697 1600 777 1667 όδοό
805 1606 864 1686 τῆς
885 1597 1069 1685 δπαγοόσης
1089 1601 1136 1675 εἰς
1159 1597 1217 1664 τόν
1238 1592 1333 1680 ἅγιον

224 1697 396 1783 Ἀνδρίαν,
417 1699 464 1778 τίς
478 1703 543 1766 τόν
563 1704 745 1787 Πατρηντόν
775 1698 926 1781 τοξεύσας
949 1701 1003 1766 τόν
1024 1701 1083 1765 τοῦ
1103 1694 1258 1765 δεσπότου
1277 1696 1333 1762 ἵπ-

219 1818 304 1880 πον,
325 1795 361 1874 ός
378 1801 435 1864 καί
462 1801 585 1876 εόθίως
612 1797 723 1866 ἔπεσεν
754 1802 810 1866 ἕπε’
828 1803 884 1884 τῆς
910 1802 983 1884 γῆς,
1014 1800 1070 1863 καί
1097 1796 1271 1879 δραμόντες
1301 1793 1353 1862 υἷι

229 1896 345 1982 ἐχθροί
358 1895 410 1962 iva
429 1897 655 1965 α’πσκτείνωσικ
677 1897 773 1965 αότόν
791 1894 815 1983 ἢ
825 1895 999 1980 πιάσωσιν,
1023 1896 1161 1983 εόρέθηυ
1177 1896 1240 1978 ε’γώ
1266 1898 1338 1962 dues*

229 1995 428 2081 όπέρμαχσς.
468 1998 609 2075 κόκεῑνος
621 2002 681 2080 μὲν
691 2002 774 2062 θεοῦ
792 2000 925 2086 βοηθείᾳ
941 1994 1132 2073 α’πσπλακείς
1152 1998 1209 2060 τοῦ
1230 1995 1332 2059 ἵππου

229 2089 328 2180 ἔφυγε
348 2097 461 2177 πεζός·
485 2094 547 2180 dyo*
569 2098 606 2162 dd
626 2102 693 2163 κατ’
715 2098 822 2162 αι’τῶν
836 2095 1016 2179 μαχόμενος
1036 2094 1153 2160 ε’πίασα
1166 2092 1236 2159 τινὰ
1258 2093 1334 2159 υἱόν

228 2196 446 2275 Σαματόλλου.
487 2196 555 2261 ἀλλ’
577 2191 660 2283 ἤμην
673 2198 800 2280 βαρέως
812 2193 1065 2282 τραυματισθείς
1083 2190 1151 2276 ἅμα
1167 2196 1212 2282 τῷ
1233 2195 1333 2282 ἵππῳ,

229 2291 265 2372 ὃς
285 2289 386 2361 οόκέτι
409 2293 513 2379 ἴσχυε,
539 2301 595 2361 καί
615 2295 727 2361 ἔπεσεν
750 2292 766 2359 ό
789 2285 884 2371 ἵππος
905 2294 924 2358 ό
946 2287 1084 2380 ἄριστος,
1105 2291 1141 2369 dg
1161 2291 1250 2377 παρό
1273 2298 1389 2358 rori:

228 2394 339 2479 οἷμηρό
358 2391 457 2480 ἐδόθη
477 2400 520 2484 τῷ
543 2392 658 2482 Ἀσόνη
681 2397 825 2484 ’ίσαακίηι
845 2390 935 2480 ἡνίκα
957 2392 1150 2479 συνήντησεν
1170 2394 1292 2481 ἐκείνῳ,
1313 2390 1330 2456 ό

229 2497 258 2558 δ’
273 2494 409 2579 Ἀσόνης
429 2499 472 2582 τῷ
486 2499 619 2581 γαμβρῷ
641 2490 742 2559 αὑτοῦ
754 2498 796 2582 τῷ
809 2497 1071 2584 Φιλανθρωπηνηῖ
1088 2495 1120 2558 Γ
1118 2491 1251 2581 εωργίιρ,
1272 2492 1331 2554 κό-

300 2673 423 2752 α.κη’ῙΡ
494 2689 519 2757 4.
538 2680 610 2758 ἦμεν
629 2687 821 2759 καθημενοιΡ
895 2690 934 2741 16·
954 2676 1013 2742 tuit
1030 2688 1108 2739 omP
1198 2704 1238 2757 ¹9·
1261 2703 1330 2743 στο-

301 2758 451 2829 ματέλουΡ
520 2756 605 2830 ἢμην]
621 2758 749 2830 ἔγυγεΜ
821 2773 863 2809 aa.
883 2758 1139 2832 φιλανθρωπικῶΡ

229 2919 442 2989 amputavimus,
459 2935 527 2987 quos
545 2918 672 2971 manibus
692 2927 799 2988 gestans
817 2927 891 2971 totus
911 2920 1044 2971 exercitus
1065 2927 1156 2988 portas
1176 2919 1259 2970 castri
1279 2919 1330 2970 ad-
1359 2947 1389 2959 -

229 2999 305 3042 ortus
333 2999 383 3042 est.
415 2990 539 3042 eiusdem
565 2991 665 3042 mensis
684 2991 776 3041 Martii
802 2989 848 3041 die
866 2991 918 3052 26,
944 3007 1029 3058 quum
1053 2998 1118 3058 post
1134 2988 1251 3040 officinm
1271 3007 1329 3042 ma·
1344 3020 1389 3031 -

229 3062 276 3130 gni
307 3060 415 3113 sabbati
433 3062 490 3113 sive
520 3060 640 3112 divinam
667 3061 864 3123 initiationem,
892 3060 1044 3130 oprandio
1071 3061 1101 3111 in
1127 3062 1248 3112 tentorio
1278 3061 1389 3112 do·-

229 3133 295 3184 mini
321 3133 409 3184 nostri
433 3131 645 3183 consedissemus
671 3140 700 3184 et
723 3133 812 3183 varios
844 3132 1017 3183 misceremus
1049 3147 1199 3193 sermones,
1229 3147 1389 3201 repen-

229 3211 258 3254 ts
285 3202 392 3273 aliquot
413 3203 520 3273 equites
546 3220 594 3272 per
614 3210 743 3272 portam,
770 3203 815 3254 cui
832 3219 932 3254 nomen
951 3202 1158 3254 estHebraicae
1187 3201 1233 3252 rel
1260 3204 1389 3254 Zeu..-

229 3273 324 3342 galatii
350 3276 400 3344 (ita
419 3275 490 3325 enim
512 3273 679 3345 appellatur)
702 3282 901 3344 prorumpunt,
925 3273 992 3336 sed,
1024 3272 1074 3324 nbi
1099 3282 1371 3341 comparuerunt„

227 3360 291 3395 uros
312 3345 427 3414 reputsi,
455 3361 504 3414 per
527 3353 633 3414 portam
660 3344 735 3396 litori
760 3345 912 3414 oppositam
932 3344 1078 3411 refugiunt.
1099 3344 1138 3394 ibi
1168 3360 1266 3396 omnes
1285 3345 1389 3395 in·-

171 3470 175 3475 ,
228 3414 323 3478 colae,
349 3414 465 3478 labaris,
493 3414 609 3466 arcubus
639 3423 667 3467 et
693 3415 762 3486 palis
791 3417 901 3478 armati,
931 3415 1052 3466 aderant„
1088 3415 1140 3465 iam
1166 3431 1253 3483 quum
1279 3415 1389 3467 de--

228 3492 307 3555 spots
319 3492 348 3536 et
362 3502 420 3553 ego,
434 3494 583 3555 antequam
595 3487 639 3537 illi
652 3503 701 3538 nos
711 3494 958 3557 persequerentur,
976 3486 1057 3553 fugae
1077 3502 1127 3537 nos
1143 3486 1389 3538 commisisse-a

227 3572 297 3620 mus,
314 3556 377 3625 quia
398 3557 463 3624 eqni
479 3558 566 3609 nostri
585 3556 659 3609 iuxta
684 3565 790 3627 portam
809 3559 883 3619 viae,
901 3573 971 3627 quae
989 3555 1025 3607 ad
1043 3555 1069 3608 S.
1088 3555 1224 3607 Andreem
1245 3556 1365 3608 duci—

229 3626 300 3679 forte
318 3627 408 3696 parati
434 3634 528 3690 erant,
560 3636 589 3679 et
606 3645 621 3678 a
641 3628 760 3680 Patrensi
786 3629 903 3698 quodam
922 3644 1008 3697 equus
1038 3626 1212 3678 Constantini
1230 3628 1389 3696 sagitt&

227 3698 366 3768 perfossus
385 3704 474 3759 esset,
499 3699 638 3750 utstatim
659 3699 840 3751 collaberetur
856 3698 949 3762 humi,
976 3697 1183 3749 Constantinum
1201 3697 1236 3749 ab
1255 3699 1365 3750 inse-r

267 3767 376 3820 entibus
403 3766 545 3830 hostibus,
572 3771 620 3837 qni
651 3778 699 3821 aut
724 3786 821 3839 capere
839 3777 887 3821 ant
912 3769 1037 3820 occidere
1055 3786 1116 3820 enm
1138 3768 1260 3830 vellent,
1279 3780 1389 3837 eg?¹

228 3787 350 3893 dicendi.
368 3840 460 3909 itaque
487 3837 581 3890 divino
605 3841 707 3891 anxilio
730 3840 780 3892 ille
800 3857 834 3892 ex
863 3856 934 3911 equo
953 3839 1118 3908 expeditus,
1140 3839 1225 3908 pedes
1243 3856 1274 3892 se
1296 3841 1343 3892 iis

228 3910 379 3975 subtraxit3
409 3926 459 3979 ego
485 3909 612 3963 adversus
633 3910 725 3962 hostes
742 3910 898 3974 decertans,
925 3910 1013 3962 tilium
1031 3908 1167 3980 quendam
1187 3910 1297 3963 Samate

229 3983 307 4050 cepi,
327 3981 377 4033 sed
395 3988 423 4033 et
443 3981 501 4051 ipse
527 3981 644 4048 graviter
662 3981 819 4034 vulneratus
847 4000 907 4034 sum
932 3999 991 4032 cnm
1021 3997 1092 4050 equo
1111 3983 1315 4049 generosissim
1385 4000 1388 4002 ·

230 4052 278 4120 qni
306 4070 368 4105 mox
386 4050 497 4104 deiectu
516 4051 614 4103 virium
633 4052 760 4105 concidit.
782 4069 843 4113 euru
869 4069 967 4123 equom
987 4051 1101 4103 dederat
1126 4068 1232 4112 amerus
1256 4054 1389 4104 διττά

230 4123 272 4176 tio
297 4124 397 4186 tisoni,
426 4122 459 4175 ad
486 4140 515 4176 se
535 4123 677 4193 protecto,
697 4125 799 4176 Asnncs
821 4123 940 4194 Georgia
957 4121 1211 4191 Philanthropeno,
1228 4141 1299 4192 gene
