2844 5092
415 614 507 674 ιιι.
530 615 584 674 ιιι.
611 611 700 674 cau.
722 615 774 673 ιν.
850 641 852 651 ·
1087 586 1165 670 261

75 765 155 837 τινὲς
170 758 199 825 οῖ
214 759 259 846 μὴ
273 758 444 842 δυνάμενοι
454 760 621 843 μάχεσθαι
637 759 690 824 διά
705 764 805 844 γῆρας
821 753 842 845 ἢ
862 763 904 826 δι’
924 757 1036 845 ἑτέραν
1057 762 1172 844 αι’τίαν,

76 861 150 938 τοῦς
163 855 278 942 άρτους
289 863 345 926 καί
357 864 421 925 πάν
433 859 597 944 βρώσιμον
611 862 806 943 όιομερίζειν
819 865 853 927 ἐν
871 869 937 938 τοῖς
957 860 1053 939 οἴκοις
1073 862 1129 927 καί
1140 865 1174 938 ἐν

76 971 140 1037 τοῖς
159 957 289 1044 πῦργσις
310 957 390 1025 κατά
411 959 467 1043 την
487 959 658 1042 α’ναλογίαν
678 956 747 1035 ἑνός
768 955 910 1026 ἑκάστου.
931 959 1016 1026 καίό
1037 961 1174 1043 πόλεμος

77 1061 198 1146 ἡμέραν
207 1064 281 1123 καθ’
302 1058 426 1145 ἡμέραν
442 1051 557 1143 ηῦξανε
571 1058 625 1123 διά
640 1058 676 1122 τό
693 1062 765 1122 καθ’
786 1053 919 1145 ἑκάστην
931 1063 976 1136 είς
989 1058 1062 1135 τοῦς
1082 1065 1172 1125 ἐναν-

53 1163 162 1234 5τίυυς
184 1160 220 1223 ἐκ
240 1161 298 1222 τοῦ
319 1161 373 1240 τῆς
403 1157 511 1235 Ἀσιας
535 1161 685 1238 κλίματος
716 1161 786 1233 νὲος
812 1157 951 1242 στρατός
972 1161 1010 1223 ου’
1034 1162 1173 1225 διέλιπεν

78 1257 252 1342 ἔρχεσθαι·
273 1257 313 1324 τά
328 1260 364 1322 δὲ
378 1257 514 1340 ἡμέτερα
527 1253 728 1340 σ’λιγόστεγον
742 1260 797 1321 καί
810 1259 1042 1341 ἐταπεινοῦντο,
1065 1255 1177 1343 άάσπερΙ

79 1355 194 1442 σελήνη
214 1356 418 1443 seraranan,
447 1356 501 1420 διά
523 1355 579 1422 τόν
602 1356 819 1440 καθημερινὸν
840 1352 989 1423 θάνατον.
1032 1361 1115 1435 τινὲς
1136 1360 1173 1424 δὲ

78 1459 114 1522 ἐκ
144 1457 207 1522 τῶν
226 1455 389 1540 ἡμετέρων
409 1450 553 1530 ἀπειθεῖς
580 1459 636 1520 καί
656 1457 868 1538 ἀπάνθρωποι
893 1454 933 1520 τά
955 1457 1044 1541 ἡμῶν
1062 1481 1174 1522 ταπει-

79 1559 218 1621 νοῦσθαι
237 1559 412 1638 βλέποντες,
436 1554 584 1638 εόρόντες
607 1552 659 1620 τὸν
673 1553 785 1637 καιρόν
802 1558 847 1631 είς
867 1554 923 1632 τάς
943 1554 1083 1641 πονηράς
1103 1556 1175 1640 ripi-

36 1660 154 1734 ιοξεις,
188 1656 316 1731 στάσεις
344 1654 400 1719 καί
428 1656 664 1730 α’καταστσοίος
688 1658 761 1718 καθ’
794 1655 915 1739 ἡμέραν
942 1658 1090 1738 ἐποίουν,
1121 1652 1177 1721 att

80 1749 191 1840 ῦβρεις
210 1757 266 1818 καί
284 1751 445 1838 λοιδορίας
462 1754 507 1826 είς
529 1750 588 1829 τάς
609 1759 758 1829 πλατείας
778 1754 834 1818 καί
853 1753 958 1839 ῥῦμας
978 1759 1034 1839 τῆς
1054 1756 1175 1831 πόλεως

79 1852 157 1919 κατά
178 1856 234 1918 τοῦ
252 1855 430 1936 δυστυχοῦς
452 1856 609 1934 βασιλέως
629 1852 684 1918 καί
705 1855 769 1917 τοῦν
788 1848 903 1938 ἑτέρων
924 1850 1088 1937 άρχόντονν
1109 1856 1175 1932 ἐξέ-

79 1977 154 2038 χεον
182 1955 217 2018 ἐκ
244 1944 302 2017 τοῦ
328 1956 449 2035 μιαροῦ
480 1952 589 2017 adroic
619 1955 794 2037 λάρυγγος,
826 1955 906 2037 μήτε
931 1950 984 2019 τόν
1016 1952 1093 2018 θεὸν
1115 1977 1176 2039 φο-

81 2052 232 2133 βούμενοι
263 2047 344 2136 pairs
373 2050 429 2115 τόν
463 2053 599 2135 βασιλέα
633 2046 661 2136 ἢ
691 2051 764 2127 τοῦς
800 2054 989 2137 ἀνθρώπους
1028 2051 1176 2137 ἐντρεπό-

36 2154 179 2234 ι5μενοι.
224 2149 319 2226 αῦτός
348 2152 384 2215 dd
402 2149 429 2236 :d
450 2150 715 2237 τρισμακάριστος
745 2150 780 2217 ’τό
804 2157 863 2225 τοῦ
883 2156 990 2235 Δαβίό
1006 2152 1101 2237 ῥητόν
1118 2179 1176 2233 με.

80 2250 238 2334 μοῦμενσς
258 2249 295 2315 τό
313 2248 404 2333 “ἕγιο“
422 2252 458 2315 δὲ
482 2249 561 2315 oinct*
580 2251 688 2337 κωφός
709 2251 766 2314 οῦκ
788 2246 901 2336 ἢκουον
923 2251 979 2316 καί
998 2249 1076 2316 uiues*
1096 2247 1176 2317 ἅλα.

82 2357 136 2427 λος
159 2349 320 2434 ἐγενόμην,
341 2350 397 2414 καί
419 2350 571 2434 ἐγενόμην
595 2350 674 2415 ainsi
695 2343 867 2434 ἅνθρωπος
894 2351 952 2414 οῦκ
977 2349 1100 2415 duodus
1121 2354 1179 2417 καί

81 2451 141 2514 οῦκ
161 2446 245 2532 ἔχων
267 2452 302 2514 ἑν
323 2451 368 2536 τῷ
387 2447 526 2530 στόματι
549 2445 651 2513 αῦτοῦ
670 2449 832 2532 όλεγμσῦς,
856 2443 904 2515 ότι
926 2447 955 2514 oi
976 2454 1094 2535 ἐχθροί
1111 2475 1175 2532 μου

82 2550 160 2629 ζῶσι
191 2547 246 2613 καί
273 2549 522 2633 κεκρατοίοονται
559 2547 640 2630 ῦπλρ
671 2550 746 2629 ἐμέ,
789 2545 838 2613 ότι
867 2547 1115 2634 ίπληόῦνθηοον
1145 2547 1176 2614 οῖ

32 2651 248 2729 οσμιοοῦντές
277 2669 318 2727 με
356 2640 502 2721 άδικως.”
556 2646 612 2712 καί
641 2650 722 2722 τινὲς
748 2650 808 2728 μὲν
841 2643 1062 2731 προσήρχοντο
1089 2647 1176 2734 crispi

43 2796 44 2801 κ
82 2749 222 2831 λέγοντες
242 2740 293 2810 ότι
314 2744 333 2809 ό
352 2747 440 2811 δεῖνα
462 2748 519 2811 καί
547 2745 671 2812 όόεῖνα
698 2744 772 2812 τάόε
795 2743 878 2833 ἔφη·
920 2751 1012 2811 τινιῦν
1032 2747 1068 2810 di
1087 2769 1177 2829 περι·

81 2847 192 2913 πονοῦν
211 2839 319 2931 ἤκουε.
372 2849 429 2911 καί
456 2847 491 2912 ἐν
523 2845 601 2931 ἡμῖν
623 2848 793 2932 ἐπληρώθη
814 2845 850 2911 τὸ
871 2844 966 2931 ῥητόν
990 2845 1023 2911 τό
1054 2843 1175 2931 φάσκον

153 3017 182 3070 9.
199 3000 248 3052 καλ
274 2993 421 3067 εὐκαιρίαν
444 2996 573 3072 εὑρόντες
598 2990 669 3050 κατά
697 2991 748 3058 τάς
766 2993 894 3069 πονηράς
917 2994 1011 3050 αὐτόν
1036 2994 1176 3067 όρίξειςΡ

158 3073 199 3124 15.
217 3068 393 3142 μακάριοςΡ
501 3070 540 3123 ι3.
561 3068 676 3133 άλαλος,
702 3067 755 3124 οῦκ
773 3067 898 3140 όνοίγοιν
914 3063 945 3123 τὸ
965 3067 1057 3140 στόμα
1079 3064 1174 3122 αῦτοῦ.

153 3143 204 3196 καί
221 3143 358 3212 ἐγενόμην
376 3139 396 3191 Ρ

84 3286 192 3348 bersnt,
211 3284 285 3355 quod
304 3283 418 3337 ederent
427 3290 474 3336 aut
494 3283 630 3349 biberent,
650 3283 790 3338 neclibsri
808 3301 858 3338 neo
874 3300 982 3345 usam,
1000 3283 1038 3334 ita
1056 3297 1087 3333 se
1104 3279 1176 3349 egis-

85 3375 123 3410 se.
140 3357 191 3408 hoc
209 3355 321 3419 audito,
342 3358 490 3424 imperator
510 3357 665 3421 constituit,
690 3365 722 3409 ut
739 3364 876 3427 quotquot
895 3362 1035 3421 senectute
1056 3352 1100 3403 vel
1121 3351 1177 3402 alia

86 3445 115 3480 re
137 3427 348 3496 impedirentur,
376 3442 413 3478 ne
433 3435 592 3494 pugnarent,
611 3427 645 3478 iis
662 3445 713 3496 pro
740 3428 856 3478 cuiusvis
874 3424 1032 3478 conditione
1054 3421 1130 3492 panis
1148 3430 1178 3473 et

86 3499 208 3568 reliquus
227 3497 304 3549 cibus
323 3514 373 3567 per
398 3495 479 3548 aedes
504 3505 532 3549 et
548 3505 635 3548 turres
664 3497 878 3550 distribueretur.
898 3497 1005 3547 interim
1026 3493 1128 3545 beilum
1146 3491 1177 3543 in

85 3569 143 3622 dies
163 3567 381 3637 ingravescebat,
399 3584 481 3638 quum
501 3567 536 3618 ad
553 3566 645 3619 hostes
670 3585 703 3619 ex
719 3568 783 3619 Asia
802 3565 925 3637 quotidie
943 3573 1064 3617 recentes
1081 3563 1177 3632 copias

86 3639 273 3701 adventarent,
292 3647 401 3691 nostrae
418 3646 508 3688 autem
527 3654 569 3688 res
588 3639 669 3689 lunae
686 3637 865 3689 decrescentis
882 3638 967 3688 instar
986 3637 1178 3687 imminueren-

86 3718 131 3763 tur
148 3717 178 3762 et
205 3717 418 3761 extenuarentur
441 3707 602 3828 sprotidiaua
629 3708 719 3759 caede.
746 3710 856 3778 insuper
873 3707 984 3777 quidam
1003 3707 1037 3758 de
1058 3706 1178 3767 nostris,

86 3790 259 3834 contumaces
280 3789 309 3833 et
327 3781 432 3831 seroces
471 3779 584 3849 omines,
603 3795 685 3848 quum
704 3796 753 3830 nos
774 3781 802 3830 in
822 3780 959 3846 angustias
978 3777 1076 3829 adduci
1097 3775 1179 3827 side-

87 3860 165 3914 rent,
192 3852 323 3922 perversis
352 3850 408 3902 suis
429 3849 627 3919 cupiditatibus
643 3851 811 3901 occasionem
836 3851 918 3912 nacti,
934 3857 1067 3919 perpetuo
1086 3846 1179 3899 turbas

88 3932 116 3975 et
141 3920 291 3974 seditiones
315 3919 487 3984 excitabant,
512 3930 540 3973 et
565 3936 612 3972 ore
639 3921 753 3972 scelesto
775 3938 823 3991 per
846 3920 951 3990 plateas
969 3930 997 3971 et
1014 3921 1087 3971 vicus
1104 3916 1179 3969 urbis

87 3992 234 4045 maledicta
254 4002 281 4045 et
299 3993 475 4043 contumelias
492 3991 521 4042 in
539 3991 728 4060 imperatorem
748 3999 777 4043 et
797 3991 917 4061 reliquos
936 3991 1071 4060 principes
1089 3987 1178 4038 conii-

38 4058 48 4069 ’
87 4063 207 4125 ciebant,
225 4061 276 4114 dee
296 4060 377 4113 deum
406 4079 457 4114 nec
478 4063 667 4132 imperatorem
693 4063 736 4114 vei
762 4061 886 4114 homines
903 4062 991 4113 veriti.
1016 4069 1045 4112 at
1070 4058 1118 4109 ilie
1137 4064 1180 4108 ter
1238 4080 1243 4092 ·

88 4133 185 4186 beatus
201 4134 243 4184 sir
268 4132 379 4184 Davidis
405 4131 508 4185 dictum
533 4133 691 4185 imitabatur
711 4131 782 4202 “ego
807 4142 896 4184 autern
920 4132 992 4184 sicut
1012 4128 1106 4180 surdus
1122 4143 1179 4179 nou

89 4204 250 4267 audiebam,
279 4211 308 4255 et
326 4211 452 4271 tanquam
471 4211 561 4255 mutus
583 4222 672 4265 eram,
694 4205 834 4273 iactusque
855 4221 912 4254 sum
932 4203 1001 4252 sieut
1020 4199 1101 4250 bomo
1121 4214 1179 4248 non

88 4275 204 4327 audiens
223 4291 274 4327 nec
293 4272 396 4325 habens
414 4274 442 4324 in
461 4289 507 4325 ore
521 4273 732 4343 redargutiones,
749 4277 876 4344 quoniam
897 4271 997 4324 inimici
1014 4269 1067 4320 mei
1084 4268 1179 4319 vivunt

90 4355 119 4399 et
138 4346 350 4416 praevaluerunt
373 4361 455 4413 super
478 4361 521 4395 me
538 4349 567 4395 et
594 4346 639 4414 qui
660 4346 759 4397 iniuria
775 4360 818 4395 me
845 4342 978 4403 oderunt,
1005 4337 1178 4407 multiplicati

90 4414 178 4470 sunt.”
199 4426 228 4469 et
246 4414 359 4467 adibant
384 4432 464 4478 eum,
483 4414 531 4484 qui
555 4423 707 4478 narrarent,
727 4413 800 4466 hunc
817 4414 861 4463 vel
881 4413 956 4463 iilum
978 4410 1044 4462 talia
1062 4408 1096 4462 de
1117 4408 1177 4476 ipso

92 4488 214 4543 effutire:
233 4487 365 4559 quosdam
383 4486 466 4539 etiarn
487 4485 655 4558 praeteriens
672 4487 732 4558 ipse
756 4483 893 4538 audiebat.
911 4481 1032 4553 deniqne
1052 4481 1081 4535 in
1098 4478 1178 4532 nobis
