2844 5092
259 276 338 388 196
574 301 747 366 neuneu
780 302 1020 365 patriamne

250 477 319 537 χεν,
342 448 386 526 ὥς
398 453 456 515 τοῦ
471 447 621 535 ῥηθέντος
633 450 774 534 μεγάλου
788 448 1068 535 πρωτοστράτορος
1082 451 1223 535 σῖνεψιός,
1245 475 1345 537 προσ-

251 551 337 630 τάξει
370 553 429 615 τοῦ
460 544 614 614 δεσπότου
650 546 709 631 κάρ
733 544 920 633 Θεοδώρου,
942 551 1001 625 ἕως
1021 542 1059 613 οὗ
1079 554 1262 635 παρέδωκεν
1280 554 1344 616 ου’-

251 645 308 735 triv
326 652 369 737 τῷ
398 646 533 736 δεσπότη
559 645 619 733 κάρ
644 650 894 736 Κωνσταντίνῳ,
923 647 967 725 oie
984 652 1226 732 προγέγραπται.
1266 647 1343 715 τότε

253 747 396 833 όρτσθείς
417 746 501 831 κάγτό
525 751 560 813 ἐκ
579 751 634 831 τῆς
654 746 857 830 Σηλυμβρίας
878 749 1054 830 ἐπανῆλθον
1072 750 1118 822 εἰς
1139 752 1342 815 linteorum·

224 848 410 918 Βνοόπολιν.
460 850 515 911 κατ’
536 844 719 928 αὐαμεταξό
739 850 801 910 τῶν
819 841 968 930 ἀδελφῶν
988 849 1172 933 συμφωνίαι
1193 848 1375 931 γεγόναστό

251 950 407 1027 τοιαῦται,
427 941 475 1011 ότι
498 945 515 1009 ό
543 949 602 1026 μὲν
622 946 780 1028 αὐθέντης
803 967 868 1026 μου
891 942 908 1008 ό
932 943 1083 1030 δεσπότης
1105 949 1344 1023 Κυνσταντΐνος

253 1048 376 1133 άπέλθη
400 1049 443 1120 εἰς
464 1046 708 1127 Πελοπόννησον
735 1047 790 1109 κατ’
808 1043 864 1109 τόν
889 1045 983 1109 τόπον
1006 1041 1129 1110 ἅπαντα
1148 1048 1203 1109 τοῦ
1224 1043 1344 1110 δεσπό·

151 1133 158 1142 “
251 1172 305 1212 του
330 1142 391 1229 erip
416 1143 584 1225 Θεοδώρου
614 1140 744 1229 λάβη,δ
779 1145 814 1207 δὲ
834 1142 893 1228 κάρ
917 1142 1082 1225 Θεόδωρος
1102 1146 1147 1219 εἰς
1167 1144 1225 1229 την
1246 1144 1344 1210 πόλιν

252 1243 329 1332 ἔλθη
358 1249 414 1309 κατ’
440 1242 496 1326 την
520 1242 725 1326 Σηλυμβρίαν
747 1239 838 1330 λάβῃ.
882 1240 962 1327 δίδη
983 1242 1036 1307 κατ’
1055 1246 1183 1326 ἐγένετο.
1224 1242 1281 1309 κατ’
1302 1248 1344 1330 τῇ

253 1344 368 1431 δεκάτη
387 1337 575 1422 Ὀκτωβρτσυ
597 1345 654 1407 τοῦ
667 1343 767 1432 ,ebuis
788 1340 879 1418 ἔτους
901 1341 919 1407 δ
937 1343 1092 1426 αόθὲντης
1112 1366 1175 1424 μου
1194 1338 1343 1435 ὁδεσπό-
1360 1373 1397 1414 ιο

250 1469 306 1527 της
320 1447 431 1526 ἐξῆλθε
445 1437 522 1523 μετά
539 1439 612 1525 νηός
638 1442 700 1505 α’πό
717 1445 772 1525 τῆς
791 1440 924 1526 πόλεως,
946 1440 1001 1506 κατ’
1019 1439 1157 1518 πλεάσας
1177 1444 1222 1517 εἰς
1234 1447 1346 1509 Heio-

252 1545 413 1627 πόννησον,
436 1541 491 1606 καί
509 1538 602 1606 πάλιν
622 1549 691 1621 μετ’
715 1536 812 1625 αότῆς
832 1540 871 1626 δη
897 1547 952 1626 τῆς
973 1540 1045 1627 νηός
1067 1537 1084 1604 ό
1108 1540 1260 1626 δεσπότης
1281 1542 1344 1627 κάρ

256 1640 423 1723 Θεόδωρος
442 1643 486 1728 τῷ
501 1632 684 1730 Δεκεμβρίῳ
705 1641 784 1723 μηνί
802 1644 863 1705 τοῦ
884 1636 982 1707 αὐτοῦ
1001 1639 1092 1717 ἔτους
1111 1635 1275 1707 ἀπέσωσεν
1297 1645 1349 1719 εἰς

177 1773 183 1785 ·
253 1740 311 1824 την
331 1737 438 1804 πόλιν·
486 1744 542 1805 καί
570 1743 614 1828 τῷ
636 1744 773 1828 Μαρτίῳ
798 1743 875 1825 μηνί
903 1743 1072 1826 παρέδωκα
1093 1742 1179 1831 αὐτῷ
1198 1740 1254 1823 την
1276 1745 1345 1827 Ση-

253 1839 423 1921 λυμβρίαν.
466 1840 521 1904 καί
538 1841 691 1921 ἐμβάντος
709 1862 772 1920 μου
793 1843 839 1915 εἰς
858 1843 919 1924 νῆα
941 1839 998 1923 την
1019 1843 1053 1904 ἐν
1069 1841 1196 1925 Κρήτης
1210 1841 1346 1905 Ὑαλτυά
1362 1849 1397 1911 15

252 1941 428 2019 Ἀντωνίου,
453 1939 498 2014 εἰς
518 1937 576 2023 την
596 1943 650 2021 τῆς
672 1939 816 2022 Εάρίπου
829 1939 1000 2023 Κάρυστον
1018 1936 1162 2026 inopini
1181 1962 1242 2021 με·
1288 1939 1350 2006 καὶ

252 2044 290 2125 τῇ
310 2041 397 2125 τρίτη
417 2041 472 2103 τοῦ
503 2039 631 2103 Ἰουνίου
663 2036 717 2101 διά
749 2042 803 2122 τῆς
829 2041 925 2121 ξηρᾶς
960 2037 1038 2102 ὁδοῦ
1063 2037 1193 2124 ἔφθασα
1212 2040 1258 2114 εἰς
1284 2037 1349 2122 την

253 2138 410 2221 Σπάρτην.
435 2137 490 2202 κατ’
509 2136 525 2200 o‘
548 2136 699 2220 δεσπότης
719 2136 779 2221 κάρ
796 2136 959 2220 Θεόδωρος
972 2141 1069 2222 ἐζήτει
1090 2162 1131 2218 με
1151 2135 1348 2204 τὰπλεῖστα

251 2238 307 2300 κατ’
326 2233 508 2320 παράτρυνε
529 2236 581 2301 ἵνα
603 2236 658 2301 κατ’
677 2234 950 2321 τηνΣηλυμβρίαν
966 2234 1030 2318 ἔχω
1052 2240 1107 2300 κατ’
1125 2241 1187 2302 τῶν
1205 2234 1347 2322 πρώτων

251 2338 353 2400 ου’τοῦ
376 2332 570 2419 ὑποχειρίων
589 2335 783 2419 εδρησωματ.
835 2335 1037 2418 διερχόμενος
1060 2328 1118 2399 oris·
1137 2333 1224 2419 κάμό
1245 2328 1394 2417 sipon„

251 2436 383 2499 καὶτὸν
408 2429 533 2514 Ἰσθμόν
563 2435 808 2518 οἰκοδομηθέντα
837 2435 924 2516 παρά
958 2438 1014 2499 τοῦ
1034 2435 1188 2500 αὐθέντου
1210 2437 1272 2498 τοῦ
1289 2435 1342 2498 δἐ-

202 2527 205 2531 ’
251 2536 371 2600 σπότου
404 2532 463 2616 κάρ
488 2537 730 2597 Κωνσταντίνου
751 2536 795 2620 τῷ
815 2532 1009 2618 παρελθόντι
1034 2530 1114 2619 ἔαρι.
1157 2529 1345 2619 φθάσαντός

251 2657 313 2713 μου
336 2625 391 2697 σόν
412 2633 457 2706 εἰς
477 2630 535 2714 την
554 2628 717 2714 Σπάρτην,
738 2626 820 2711 μετά
840 2656 927 2706 τινας
948 2628 1068 2715 ἡμέρας
1088 2632 1128 2696 οδ
1147 2629 1264 2707 πολλάς
1287 2625 1346 2714 η’λ·

251 2737 307 2796 θεν
336 2733 383 2806 εἰς
412 2731 468 2814 την
490 2730 824 2795 Κυνστανττνοόπολτν
851 2729 934 2813 μετά
966 2733 1121 2797 πλεόντων
1146 2729 1343 2816 τριηρεωνό

321 2928 346 2963 n.
368 2911 498 2984 ἐπιτρέψη
518 2912 537 2963 Ρ
628 2913 668 2965 16.
686 2908 839 2983 κάρισιρσν
856 2909 886 2963 Μ
970 2878 1010 2982 τη.
1032 2902 1079 2964 διά
1099 2907 1182 2982 ξηρᾶς
1199 2910 1268 2982 ἔφθ.
1289 2912 1308 2962 Ρ

251 3047 382 3118 despotae
402 3048 561 3100 Messeniani
581 3047 656 3099 sinus
673 3047 869 3116 praefecturam
883 3048 1052 3118 procurabat,
1072 3048 1159 3100 donec
1179 3063 1226 3109 es,
1245 3054 1278 3099 ut
1295 3064 1343 3098 su-

272 3139 299 3171 ra
317 3121 496 3182 narravimus,
515 3117 614 3171 tradita
633 3127 675 3170 est
693 3117 879 3171 Constantino.
908 3129 965 3170 tum
990 3136 1040 3188 ego
1059 3134 1167 3188 quoque
1184 3118 1272 3169 iussus
1291 3119 1342 3170 Se-

250 3139 365 3257 lymbria
387 3191 493 3259 Cpolirn
521 3188 600 3253 redii,
618 3189 760 3259 laetaeque
780 3191 934 3244 suntinter
950 3189 1044 3242 fratres
1062 3187 1114 3241 hae
1132 3189 1293 3257 pactiones,
1311 3197 1343 3239 ut

251 3262 445 3313 Constantinus
466 3260 588 3330 despota,
608 3260 732 3311 dominus
752 3277 836 3323 meus,
854 3262 883 3311 in
895 3260 1110 3330 Peloponnesum
1129 3258 1291 3322 discederet,
1314 3266 1344 3310 et

252 3331 384 3383 ditionem
408 3349 514 3383 omnem
540 3330 678 3383 Theodori
703 3330 832 3400 despotae
856 3340 1016 3400 occuparet,
1042 3329 1203 3382 Theodorus
1232 3329 1342 3399 Cpolirn

251 3404 358 3455 veniret
378 3411 405 3453 et
423 3405 557 3471 acciperet
574 3401 758 3467 selymbriam.
774 3403 865 3472 itaque
883 3403 983 3453 sactum
1001 3411 1051 3453 est.
1070 3401 1173 3452 decimo
1192 3399 1238 3451 die
1257 3400 1344 3451 Octo-

252 3472 307 3523 bris
325 3475 395 3540 6952
416 3474 546 3542 despota,
568 3473 693 3524 dominus
716 3490 805 3536 meus,
833 3472 867 3523 ab
893 3471 960 3523 urbe
985 3475 1048 3523 navi
1076 3473 1105 3522 iu
1123 3471 1343 3540 Peloponnesum

252 3544 388 3613 profectus
407 3552 464 3604 est,
481 3560 535 3611 qua
554 3544 614 3594 navi
631 3543 790 3594 Theodorus
815 3542 928 3610 despota
947 3559 1038 3594 mense
1056 3541 1199 3593 Decembri
1218 3539 1343 3593 eiusdem

252 3615 315 3664 anni
334 3614 362 3664 iu
382 3613 474 3664 urbem
493 3613 588 3675 rediit,
607 3615 650 3663 cui
669 3627 720 3681 ego
736 3629 826 3664 mense
845 3615 944 3665 Martio
963 3611 1139 3680 selymbriam
1159 3610 1279 3674 tradidi,
1297 3612 1343 3662 in-

252 3699 414 3753 gressusque
432 3700 526 3735 navem
546 3682 701 3735 Cretensem
721 3685 831 3736 Antonii
853 3684 985 3749 Hyalinae
1002 3692 1031 3736 et
1049 3683 1189 3750 Carystum
1209 3682 1245 3734 ad
1264 3682 1354 3732 Euri-1
1387 3719 1397 3725 -

249 3762 314 3826 pum
333 3753 447 3817 delatus,
468 3754 548 3804 tertio
568 3752 613 3805 die
632 3755 701 3804 lunii
718 3753 838 3823 pedestri
856 3755 955 3807 itinere
963 3756 1086 3824 Spartam
1107 3754 1228 3822 perveni.
1248 3752 1343 3804 Tbeo-

252 3827 333 3878 dorus
362 3824 474 3893 despota
503 3832 592 3875 autem
621 3822 796 3877 veliementer
822 3841 866 3875 me
892 3825 1004 3894 rogabat
1031 3822 1293 3907 cohortabaturque‚
1311 3829 1343 3874 ut

253 3898 334 3948 etiam
352 3894 530 3962 Selymbriam
559 3893 709 3961 gubernare
730 3897 828 3947 vellem
858 3905 887 3947 et
904 3913 918 3946 e
937 3896 1027 3964 primis
1047 3897 1105 3946 eius
1123 3893 1251 3946 subiectis
1272 3908 1340 3946 esse.

252 3962 282 4018 in
309 3967 475 4020 transeundo
500 3965 582 4034 igitur
610 3965 772 4018 Isthmumos
797 3963 983 4029 Constantino,
1008 3965 1119 4018 domino
1140 3981 1209 4026 meo,
1239 3971 1341 4015 aestate

252 4038 401 4107 praeterita
426 4045 556 4089 structum
584 4035 694 4100 inveni3
719 4045 751 4089 et·
776 4034 873 4093 diebus
899 4054 954 4089 non
974 4036 1067 4088 multis
1093 4043 1163 4105 post,
1191 4051 1272 4104 quam
1292 4049 1341 4102 ego

156 4152 159 4159 .
255 4112 376 4178 Spartam
393 4108 474 4169 veni,
494 4116 656 4176 purpuratus
676 4117 705 4159 et
722 4106 956 4161 vicecancellarius
983 4114 1012 4158 et
1029 4105 1177 4158 catholicus
1194 4120 1283 4174 papae
1301 4104 1342 4155 le-

254 4187 332 4249 gatus
348 4180 442 4233 multis
460 4176 615 4234 triremibus
636 4177 743 4252 Cpolim
761 4176 890 4250 appulsus
907 4170 952 4231 est*
964 4186 1076 4251 propter
1091 4177 1280 4249 aurearoma:
1297 4189 1341 4228 rs·
