<?xml version="1.0" encoding="UTF-8"?>
<!DOCTYPE html PUBLIC "-//W3C//DTD XHTML 1.0 Transitional//EN"
    "http://www.w3.org/TR/xhtml1/DTD/xhtml1-transitional.dtd">
<html xmlns="http://www.w3.org/1999/xhtml" xml:lang="en" lang="en">
 <head>
  <title>
</title>
<meta http-equiv="Content-Type" content="text/html;charset=utf-8" />
  <meta name='ocr-system' content='tesseract 3.04.00' />
  <meta name='ocr-capabilities' content='ocr_page ocr_carea ocr_par ocr_line ocrx_word'/>
</head>
<body>
  <div class='ocr_page' id='page_1' title='image "./georgiusphrantz00bekkgoog_0340.png"; bbox 0 0 2760 5092; ppageno 0'>
   <div class='ocr_carea' id='block_1_1' title="bbox 475 488 1178 603">
    <p class='ocr_par' dir='ltr' id='par_1_1' title="bbox 475 488 1178 603">
     <span class='ocr_line' id='line_1_1' title="bbox 475 488 1178 603; baseline -0.014 -21"><span class='ocrx_word' id='word_1_1' title='bbox 475 523 550 584; x_wconf 80' lang='lat' dir='ltr'><strong>aro.</strong></span> <span class='ocrx_word' id='word_1_2' title='bbox 572 524 624 582; x_wconf 82' lang='lat' dir='ltr'><strong>iv.</strong></span> <span class='ocrx_word' id='word_1_3' title='bbox 655 520 745 584; x_wconf 76' lang='lat' dir='ltr'><strong>cau.</strong></span> <span class='ocrx_word' id='word_1_4' title='bbox 766 523 806 582; x_wconf 84' lang='grc' dir='ltr'><strong>ιι.</strong></span> <span class='ocrx_word' id='word_1_5' title='bbox 1096 488 1178 603; x_wconf 79' lang='lat'><strong>327</strong></span> 
     </span>
    </p>
   </div>
   <div class='ocr_carea' id='block_1_2' title="bbox 26 663 1232 2942">
    <p class='ocr_par' dir='ltr' id='par_1_2' title="bbox 26 663 1232 2942">
     <span class='ocr_line' id='line_1_2' title="bbox 89 663 1179 756; baseline -0.006 -20"><span class='ocrx_word' id='word_1_6' title='bbox 89 666 175 752; x_wconf 79' lang='grc' dir='ltr'><strong><em>ὅμως</em></strong></span> <span class='ocrx_word' id='word_1_7' title='bbox 194 671 393 756; x_wconf 83' lang='grc' dir='ltr'><strong><em>ἐιμιθυρίσθη</em></strong></span> <span class='ocrx_word' id='word_1_8' title='bbox 423 666 470 734; x_wconf 85' lang='grc' dir='ltr'><strong>ότι</strong></span> <span class='ocrx_word' id='word_1_9' title='bbox 499 668 517 733; x_wconf 86' lang='grc' dir='ltr'><strong><em>ό</em></strong></span> <span class='ocrx_word' id='word_1_10' title='bbox 548 663 676 753; x_wconf 79' lang='grc' dir='ltr'><strong><em>άμηρός</em></strong></span> <span class='ocrx_word' id='word_1_11' title='bbox 700 668 856 751; x_wconf 83' lang='grc' dir='ltr'><strong><em>ἐλογίζετο</em></strong></span> <span class='ocrx_word' id='word_1_12' title='bbox 886 667 983 748; x_wconf 78' lang='grc' dir='ltr'><strong><em>λόγων</em></strong></span> <span class='ocrx_word' id='word_1_13' title='bbox 1000 664 1052 731; x_wconf 74' lang='lat' dir='ltr'><strong>“ri</strong></span> <span class='ocrx_word' id='word_1_14' title='bbox 1071 664 1110 730; x_wconf 83' lang='lat' dir='ltr'><strong>eri</strong></span> <span class='ocrx_word' id='word_1_15' title='bbox 1133 665 1179 750; x_wconf 77' lang='grc' dir='ltr'><strong>μη</strong></span> 
     </span>
     <span class='ocr_line' id='line_1_3' title="bbox 87 761 1184 855; baseline -0.003 -20"><span class='ocrx_word' id='word_1_16' title='bbox 87 768 266 855; x_wconf 74' lang='grc' dir='ltr'><strong>παραλάβω</strong></span> <span class='ocrx_word' id='word_1_17' title='bbox 299 770 356 854; x_wconf 73' lang='grc' dir='ltr'><strong>την</strong></span> <span class='ocrx_word' id='word_1_18' title='bbox 386 764 547 835; x_wconf 76' lang='grc' dir='ltr'><strong><em>τεόλικ’τά</em></strong></span> <span class='ocrx_word' id='word_1_19' title='bbox 570 772 647 850; x_wconf 77' lang='grc' dir='ltr'><strong><em>νῦν,</em></strong></span> <span class='ocrx_word' id='word_1_20' title='bbox 678 769 801 842; x_wconf 81' lang='grc' dir='ltr'><strong><em>εάθέως</em></strong></span> <span class='ocrx_word' id='word_1_21' title='bbox 820 763 943 850; x_wconf 70' lang='grc' dir='ltr'><strong><em>ποιήσω</em></strong></span> <span class='ocrx_word' id='word_1_22' title='bbox 965 761 1098 851; x_wconf 74' lang='grc' dir='ltr'><strong><em>α’γάπην,</em></strong></span> <span class='ocrx_word' id='word_1_23' title='bbox 1127 768 1184 832; x_wconf 85' lang='grc' dir='ltr'><strong><em>καί</em></strong></span> 
     </span>
     <span class='ocr_line' id='line_1_4' title="bbox 88 860 848 952; baseline -0.008 -18"><span class='ocrx_word' id='word_1_24' title='bbox 88 868 168 935; x_wconf 88' lang='grc' dir='ltr'><strong><em>κατά</em></strong></span> <span class='ocrx_word' id='word_1_25' title='bbox 191 867 296 933; x_wconf 76' lang='grc' dir='ltr'><strong><em>πᾶσάν</em></strong></span> <span class='ocrx_word' id='word_1_26' title='bbox 304 891 367 951; x_wconf 91' lang='grc' dir='ltr'><strong><em>μου</em></strong></span> <span class='ocrx_word' id='word_1_27' title='bbox 387 868 447 952; x_wconf 78' lang='grc' dir='ltr'><strong>την</strong></span> <span class='ocrx_word' id='word_1_28' title='bbox 468 864 554 951; x_wconf 69' lang='grc' dir='ltr'><strong><em>ζωήν</em></strong></span> <span class='ocrx_word' id='word_1_29' title='bbox 572 865 698 952; x_wconf 77' lang='grc' dir='ltr'><em>τηρήσω</em></span> <span class='ocrx_word' id='word_1_30' title='bbox 717 860 848 948; x_wconf 53' lang='lat' dir='ltr'><strong>aritia?</strong></span> 
     </span>
     <span class='ocr_line' id='line_1_5' title="bbox 165 961 1182 1054; baseline -0.004 -20"><span class='ocrx_word' id='word_1_31' title='bbox 165 967 203 1034; x_wconf 88' lang='lat' dir='ltr'><strong>‘O</strong></span> <span class='ocrx_word' id='word_1_32' title='bbox 232 970 268 1035; x_wconf 76' lang='grc' dir='ltr'><strong>δὲ</strong></span> <span class='ocrx_word' id='word_1_33' title='bbox 290 972 468 1054; x_wconf 90' lang='grc' dir='ltr'><strong><em>μακαρίτης</em></strong></span> <span class='ocrx_word' id='word_1_34' title='bbox 498 966 515 1033; x_wconf 82' lang='grc' dir='ltr'><em>ὃ</em></span> <span class='ocrx_word' id='word_1_35' title='bbox 548 968 702 1049; x_wconf 78' lang='grc' dir='ltr'><strong><em>αόθέντης</em></strong></span> <span class='ocrx_word' id='word_1_36' title='bbox 728 987 790 1045; x_wconf 89' lang='grc' dir='ltr'><strong><em>μου</em></strong></span> <span class='ocrx_word' id='word_1_37' title='bbox 812 965 868 1030; x_wconf 88' lang='grc' dir='ltr'><strong><em>καί</em></strong></span> <span class='ocrx_word' id='word_1_38' title='bbox 895 961 1045 1044; x_wconf 74' lang='grc' dir='ltr'><strong><em>βασιλεῦς</em></strong></span> <span class='ocrx_word' id='word_1_39' title='bbox 1071 964 1107 1029; x_wconf 88' lang='grc' dir='ltr'><strong>τί</strong></span> <span class='ocrx_word' id='word_1_40' title='bbox 1123 964 1182 1030; x_wconf 73' lang='grc' dir='ltr'><strong><em>ουκ</em></strong></span> 
     </span>
     <span class='ocr_line' id='line_1_6' title="bbox 58 1061 1183 1156; baseline -0.006 -21"><span class='ocrx_word' id='word_1_41' title='bbox 58 1063 225 1150; x_wconf 73' lang='grc' dir='ltr'><strong><em>ὅέπραξε,</em></strong></span> <span class='ocrx_word' id='word_1_42' title='bbox 247 1070 380 1154; x_wconf 80' lang='grc' dir='ltr'><strong><em>κρυφῶς</em></strong></span> <span class='ocrx_word' id='word_1_43' title='bbox 400 1062 420 1153; x_wconf 79' lang='grc' dir='ltr'><em>ἢ</em></span> <span class='ocrx_word' id='word_1_44' title='bbox 441 1070 596 1154; x_wconf 71' lang='grc' dir='ltr'><strong><em>φανεροῖς,</em></strong></span> <span class='ocrx_word' id='word_1_45' title='bbox 624 1066 705 1149; x_wconf 81' lang='grc' dir='ltr'><strong><em>ότιὲρ</em></strong></span> <span class='ocrx_word' id='word_1_46' title='bbox 728 1068 783 1147; x_wconf 77' lang='grc' dir='ltr'><strong>τῆς</strong></span> <span class='ocrx_word' id='word_1_47' title='bbox 811 1067 963 1147; x_wconf 73' lang='grc' dir='ltr'><strong><em>βοηθείας</em></strong></span> <span class='ocrx_word' id='word_1_48' title='bbox 984 1068 1040 1156; x_wconf 82' lang='grc' dir='ltr'><strong>τῆς</strong></span> <span class='ocrx_word' id='word_1_49' title='bbox 1061 1061 1183 1140; x_wconf 82' lang='grc' dir='ltr'><strong><em>πόλεως</em></strong></span> 
     </span>
     <span class='ocr_line' id='line_1_7' title="bbox 86 1159 1232 1250; baseline 0.003 -21"><span class='ocrx_word' id='word_1_50' title='bbox 86 1169 144 1231; x_wconf 89' lang='grc' dir='ltr'><strong><em>καί</em></strong></span> <span class='ocrx_word' id='word_1_51' title='bbox 163 1169 219 1250; x_wconf 73' lang='grc' dir='ltr'><strong>τῆς</strong></span> <span class='ocrx_word' id='word_1_52' title='bbox 240 1166 341 1230; x_wconf 76' lang='grc' dir='ltr'><strong><em>αὑτοῦ</em></strong></span> <span class='ocrx_word' id='word_1_53' title='bbox 358 1169 537 1248; x_wconf 77' lang='grc' dir='ltr'><strong><em>βασιλείας,</em></strong></span> <span class='ocrx_word' id='word_1_54' title='bbox 554 1159 576 1248; x_wconf 79' lang='grc' dir='ltr'><em>ἢ</em></span> <span class='ocrx_word' id='word_1_55' title='bbox 596 1168 718 1244; x_wconf 80' lang='grc' dir='ltr'><strong><em>μᾶλλον</em></strong></span> <span class='ocrx_word' id='word_1_56' title='bbox 731 1165 830 1228; x_wconf 81' lang='grc' dir='ltr'><strong><em>εἰπεῖν</em></strong></span> <span class='ocrx_word' id='word_1_57' title='bbox 851 1161 931 1241; x_wconf 79' lang='grc' dir='ltr'><strong><em>ότιὲρ</em></strong></span> <span class='ocrx_word' id='word_1_58' title='bbox 950 1165 1006 1244; x_wconf 75' lang='grc' dir='ltr'><strong>τῆς</strong></span> <span class='ocrx_word' id='word_1_59' title='bbox 1025 1165 1182 1245; x_wconf 83' lang='grc' dir='ltr'><strong><em>σωτηρίας</em></strong></span> <span class='ocrx_word' id='word_1_60' title='bbox 1199 1181 1232 1248; x_wconf 73' lang='lat'><strong>73</strong></span> 
     </span>
     <span class='ocr_line' id='line_1_8' title="bbox 86 1258 1184 1349; baseline -0.003 -20"><span class='ocrx_word' id='word_1_61' title='bbox 86 1268 142 1348; x_wconf 84' lang='grc' dir='ltr'><strong>τῆς</strong></span> <span class='ocrx_word' id='word_1_62' title='bbox 163 1265 246 1349; x_wconf 75' lang='grc' dir='ltr'><strong><em>ζωῆς</em></strong></span> <span class='ocrx_word' id='word_1_63' title='bbox 267 1264 390 1348; x_wconf 66' lang='grc' dir='ltr'><strong><em>αότοός</em></strong></span> <span class='ocrx_word' id='word_1_64' title='bbox 406 1264 462 1330; x_wconf 84' lang='grc' dir='ltr'><strong><em>καί</em></strong></span> <span class='ocrx_word' id='word_1_65' title='bbox 480 1262 541 1348; x_wconf 76' lang='grc' dir='ltr'><strong><em>γάρ</em></strong></span> <span class='ocrx_word' id='word_1_66' title='bbox 563 1262 658 1347; x_wconf 78' lang='grc' dir='ltr'><strong><em>δῆλόν</em></strong></span> <span class='ocrx_word' id='word_1_67' title='bbox 672 1265 758 1328; x_wconf 87' lang='grc' dir='ltr'><strong><em>ἐστιν</em></strong></span> <span class='ocrx_word' id='word_1_68' title='bbox 776 1258 840 1343; x_wconf 77' lang='grc' dir='ltr'><strong><em>ὅτι,</em></strong></span> <span class='ocrx_word' id='word_1_69' title='bbox 861 1263 892 1326; x_wconf 79' lang='grc' dir='ltr'><strong>εἰ</strong></span> <span class='ocrx_word' id='word_1_70' title='bbox 904 1258 1024 1345; x_wconf 72' lang='grc' dir='ltr'><strong><em>ἤθελεν,</em></strong></span> <span class='ocrx_word' id='word_1_71' title='bbox 1047 1260 1184 1337; x_wconf 76' lang='grc' dir='ltr'><strong><em>εὐκόλως</em></strong></span> 
     </span>
     <span class='ocr_line' id='line_1_9' title="bbox 86 1356 1184 1451; baseline -0.003 -23"><span class='ocrx_word' id='word_1_72' title='bbox 86 1364 223 1429; x_wconf 66' lang='lat' dir='ltr'><strong>&amp;iliacae</strong></span> <span class='ocrx_word' id='word_1_73' title='bbox 244 1373 366 1451; x_wconf 74' lang='grc' dir='ltr'><strong><em>φυγεῖν.</em></strong></span> <span class='ocrx_word' id='word_1_74' title='bbox 407 1362 487 1448; x_wconf 76' lang='grc' dir='ltr'><strong><em>πλην</em></strong></span> <span class='ocrx_word' id='word_1_75' title='bbox 510 1365 569 1428; x_wconf 77' lang='grc' dir='ltr'><strong><em>ουκ</em></strong></span> <span class='ocrx_word' id='word_1_76' title='bbox 590 1356 713 1448; x_wconf 74' lang='grc' dir='ltr'><strong><em>ἤθελεν,</em></strong></span> <span class='ocrx_word' id='word_1_77' title='bbox 735 1363 804 1426; x_wconf 78' lang='grc' dir='ltr'><strong><em>αλλ’</em></strong></span> <span class='ocrx_word' id='word_1_78' title='bbox 825 1360 992 1445; x_wconf 76' lang='grc' dir='ltr'><strong><em>η’γωνίζετο</em></strong></span> <span class='ocrx_word' id='word_1_79' title='bbox 1014 1359 1057 1434; x_wconf 69' lang='grc' dir='ltr'><strong><em>οἷς</em></strong></span> <span class='ocrx_word' id='word_1_80' title='bbox 1077 1358 1094 1423; x_wconf 86' lang='grc' dir='ltr'><strong><em>ό</em></strong></span> <span class='ocrx_word' id='word_1_81' title='bbox 1115 1385 1184 1425; x_wconf 79' lang='grc' dir='ltr'><strong><em>ποι-</em></strong></span> 
     </span>
     <span class='ocr_line' id='line_1_10' title="bbox 86 1459 1184 1549; baseline -0.003 -22"><span class='ocrx_word' id='word_1_82' title='bbox 86 1460 152 1545; x_wconf 71' lang='grc' dir='ltr'><strong>μήν</strong></span> <span class='ocrx_word' id='word_1_83' title='bbox 172 1461 190 1527; x_wconf 86' lang='grc' dir='ltr'><strong><em>ό</em></strong></span> <span class='ocrx_word' id='word_1_84' title='bbox 213 1459 325 1545; x_wconf 84' lang='grc' dir='ltr'><strong><em>καλός,</em></strong></span> <span class='ocrx_word' id='word_1_85' title='bbox 351 1461 386 1538; x_wconf 77' lang='grc' dir='ltr'><strong>ὃς</strong></span> <span class='ocrx_word' id='word_1_86' title='bbox 407 1465 515 1549; x_wconf 86' lang='grc' dir='ltr'><strong><em>τίθησι</em></strong></span> <span class='ocrx_word' id='word_1_87' title='bbox 542 1461 600 1548; x_wconf 68' lang='grc' dir='ltr'><strong>τὴν</strong></span> <span class='ocrx_word' id='word_1_88' title='bbox 623 1460 735 1547; x_wconf 68' lang='grc' dir='ltr'><strong><em>ψυχήν</em></strong></span> <span class='ocrx_word' id='word_1_89' title='bbox 756 1461 858 1526; x_wconf 74' lang='grc' dir='ltr'><strong><em>αὑτοῦ</em></strong></span> <span class='ocrx_word' id='word_1_90' title='bbox 877 1460 956 1542; x_wconf 74' lang='grc' dir='ltr'><strong><em>ὑπὲρ</em></strong></span> <span class='ocrx_word' id='word_1_91' title='bbox 978 1463 1043 1524; x_wconf 78' lang='grc' dir='ltr'><strong><em>ταῖν</em></strong></span> <span class='ocrx_word' id='word_1_92' title='bbox 1062 1460 1184 1543; x_wconf 83' lang='grc' dir='ltr'><strong><em>προβά-</em></strong></span> 
     </span>
     <span class='ocr_line' id='line_1_11' title="bbox 40 1553 1185 1647; baseline 0 -20"><span class='ocrx_word' id='word_1_93' title='bbox 40 1586 169 1645; x_wconf 76' lang='lat' dir='ltr'><strong>torma,</strong></span> <span class='ocrx_word' id='word_1_94' title='bbox 193 1563 242 1638; x_wconf 84' lang='grc' dir='ltr'><strong><em>οίς</em></strong></span> <span class='ocrx_word' id='word_1_95' title='bbox 271 1565 328 1628; x_wconf 85' lang='grc' dir='ltr'><strong><em>καί</em></strong></span> <span class='ocrx_word' id='word_1_96' title='bbox 350 1565 490 1647; x_wconf 77' lang='grc' dir='ltr'><strong><em>ἐποίησε.</em></strong></span> <span class='ocrx_word' id='word_1_97' title='bbox 540 1565 596 1626; x_wconf 87' lang='grc' dir='ltr'><strong><em>καί</em></strong></span> <span class='ocrx_word' id='word_1_98' title='bbox 624 1563 672 1636; x_wconf 83' lang='grc' dir='ltr'><strong>τίς</strong></span> <span class='ocrx_word' id='word_1_99' title='bbox 700 1562 764 1625; x_wconf 78' lang='grc' dir='ltr'><strong>τῶν</strong></span> <span class='ocrx_word' id='word_1_100' title='bbox 792 1553 895 1625; x_wconf 82' lang='grc' dir='ltr'><strong><em>άλλωκ</em></strong></span> <span class='ocrx_word' id='word_1_101' title='bbox 913 1556 952 1623; x_wconf 83' lang='grc' dir='ltr'><strong>τά</strong></span> <span class='ocrx_word' id='word_1_102' title='bbox 974 1559 1107 1625; x_wconf 77' lang='grc' dir='ltr'><strong><em>τοιαῦτα</em></strong></span> <span class='ocrx_word' id='word_1_103' title='bbox 1129 1559 1185 1627; x_wconf 87' lang='grc' dir='ltr'><strong><em>καί</em></strong></span> 
     </span>
     <span class='ocr_line' id='line_1_12' title="bbox 86 1655 1182 1746; baseline -0.002 -22"><span class='ocrx_word' id='word_1_104' title='bbox 86 1655 170 1724; x_wconf 64' lang='lat' dir='ltr'><strong>itta</strong></span> <span class='ocrx_word' id='word_1_105' title='bbox 190 1657 340 1744; x_wconf 80' lang='grc' dir='ltr'><strong><em>γευόμενα</em></strong></span> <span class='ocrx_word' id='word_1_106' title='bbox 372 1665 520 1727; x_wconf 80' lang='grc' dir='ltr'><strong><em>ἐπίστατο</em></strong></span> <span class='ocrx_word' id='word_1_107' title='bbox 550 1659 650 1746; x_wconf 81' lang='grc' dir='ltr'><strong><em>πάρεξ</em></strong></span> <span class='ocrx_word' id='word_1_108' title='bbox 674 1663 733 1725; x_wconf 75' lang='grc' dir='ltr'><strong><em>τοῦ</em></strong></span> <span class='ocrx_word' id='word_1_109' title='bbox 751 1661 1019 1742; x_wconf 80' lang='grc' dir='ltr'><strong><em>Καντακουζηνοό</em></strong></span> <span class='ocrx_word' id='word_1_110' title='bbox 1035 1656 1182 1724; x_wconf 75' lang='grc' dir='ltr'>Ἰωάννου</span> 
     </span>
     <span class='ocr_line' id='line_1_13' title="bbox 86 1752 1180 1846; baseline 0 -23"><span class='ocrx_word' id='word_1_111' title='bbox 86 1761 145 1823; x_wconf 84' lang='grc' dir='ltr'><strong><em>καί</em></strong></span> <span class='ocrx_word' id='word_1_112' title='bbox 163 1762 258 1841; x_wconf 71' lang='grc' dir='ltr'><strong><em>ἐμαῖς</em></strong></span> <span class='ocrx_word' id='word_1_113' title='bbox 290 1755 339 1825; x_wconf 78' lang='grc' dir='ltr'><strong>ότι</strong></span> <span class='ocrx_word' id='word_1_114' title='bbox 375 1756 391 1825; x_wconf 83' lang='grc' dir='ltr'>ὁ</span> <span class='ocrx_word' id='word_1_115' title='bbox 423 1763 456 1838; x_wconf 81' lang='grc' dir='ltr'><strong>ἐξ</strong></span> <span class='ocrx_word' id='word_1_116' title='bbox 480 1757 654 1843; x_wconf 76' lang='grc' dir='ltr'><strong><em>Ου’γγάρων</em></strong></span> <span class='ocrx_word' id='word_1_117' title='bbox 675 1752 797 1842; x_wconf 80' lang='grc' dir='ltr'><strong><em>Ἴαγκος</em></strong></span> <span class='ocrx_word' id='word_1_118' title='bbox 822 1758 985 1841; x_wconf 78' lang='grc' dir='ltr'><strong><em>προεζήτει</em></strong></span> <span class='ocrx_word' id='word_1_119' title='bbox 1014 1760 1066 1823; x_wconf 80' lang='grc' dir='ltr'><strong><em>ἵνα</em></strong></span> <span class='ocrx_word' id='word_1_120' title='bbox 1095 1755 1180 1846; x_wconf 62' lang='lat' dir='ltr'><strong>rinion</strong></span> 
     </span>
     <span class='ocr_line' id='line_1_14' title="bbox 87 1854 1182 1946; baseline 0.002 -24"><span class='ocrx_word' id='word_1_121' title='bbox 87 1858 175 1946; x_wconf 72' lang='grc' dir='ltr'><strong><em>αότρό</em></strong></span> <span class='ocrx_word' id='word_1_122' title='bbox 189 1857 207 1922; x_wconf 85' lang='grc' dir='ltr'><strong><em>ό</em></strong></span> <span class='ocrx_word' id='word_1_123' title='bbox 220 1857 372 1941; x_wconf 84' lang='grc' dir='ltr'><strong><em>βασιλεός</em></strong></span> <span class='ocrx_word' id='word_1_124' title='bbox 393 1860 450 1945; x_wconf 80' lang='grc' dir='ltr'><strong>την</strong></span> <span class='ocrx_word' id='word_1_125' title='bbox 462 1863 668 1944; x_wconf 71' lang='grc' dir='ltr'><strong><em>Σηλυμβριαν</em></strong></span> <span class='ocrx_word' id='word_1_126' title='bbox 681 1854 702 1943; x_wconf 75' lang='grc' dir='ltr'><em>ἢ</em></span> <span class='ocrx_word' id='word_1_127' title='bbox 716 1856 773 1943; x_wconf 76' lang='grc' dir='ltr'><strong>την</strong></span> <span class='ocrx_word' id='word_1_128' title='bbox 788 1862 1014 1942; x_wconf 68' lang='grc' dir='ltr'><strong><em>Μεσημβρίαν,</em></strong></span> <span class='ocrx_word' id='word_1_129' title='bbox 1035 1863 1091 1925; x_wconf 87' lang='grc' dir='ltr'><strong><em>καί</em></strong></span> <span class='ocrx_word' id='word_1_130' title='bbox 1110 1856 1182 1943; x_wconf 82' lang='grc' dir='ltr'><strong><em>ἐση-</em></strong></span> 
     </span>
     <span class='ocr_line' id='line_1_15' title="bbox 84 1953 1182 2042; baseline 0.001 -19"><span class='ocrx_word' id='word_1_131' title='bbox 84 1984 143 2023; x_wconf 72' lang='lat' dir='ltr'><strong>rut</strong></span> <span class='ocrx_word' id='word_1_132' title='bbox 163 1953 208 2034; x_wconf 79' lang='grc' dir='ltr'><strong>εἷς</strong></span> <span class='ocrx_word' id='word_1_133' title='bbox 228 1965 293 2025; x_wconf 75' lang='grc' dir='ltr'><strong><em>ταῖν</em></strong></span> <span class='ocrx_word' id='word_1_134' title='bbox 320 1959 516 2039; x_wconf 80' lang='grc' dir='ltr'><strong><em>ὖπεξουσίων</em></strong></span> <span class='ocrx_word' id='word_1_135' title='bbox 547 1959 665 2042; x_wconf 79' lang='grc' dir='ltr'><strong><em>ου’τοῧ,</em></strong></span> <span class='ocrx_word' id='word_1_136' title='bbox 686 1957 742 2023; x_wconf 83' lang='grc' dir='ltr'><strong><em>καί</em></strong></span> <span class='ocrx_word' id='word_1_137' title='bbox 762 1955 898 2033; x_wconf 77' lang='grc' dir='ltr'><strong><em>πολλοὺς</em></strong></span> <span class='ocrx_word' id='word_1_138' title='bbox 917 1960 982 2023; x_wconf 76' lang='grc' dir='ltr'><strong><em>ταῖν</em></strong></span> <span class='ocrx_word' id='word_1_139' title='bbox 1002 1958 1182 2041; x_wconf 75' lang='grc' dir='ltr'><strong><em>α’νθραίτιων</em></strong></span> 
     </span>
     <span class='ocr_line' id='line_1_16' title="bbox 35 2054 1180 2146; baseline -0.003 -21"><span class='ocrx_word' id='word_1_140' title='bbox 35 2057 190 2126; x_wconf 73' lang='grc' dir='ltr'><strong><em>ιὸαὖτοῦ</em></strong></span> <span class='ocrx_word' id='word_1_141' title='bbox 209 2061 309 2124; x_wconf 79' lang='grc' dir='ltr'><strong><em>ἐκεῖσε</em></strong></span> <span class='ocrx_word' id='word_1_142' title='bbox 331 2057 429 2143; x_wconf 77' lang='grc' dir='ltr'><strong><em>ἐχειν,</em></strong></span> <span class='ocrx_word' id='word_1_143' title='bbox 452 2062 508 2131; x_wconf 82' lang='grc' dir='ltr'><strong><em>καί</em></strong></span> <span class='ocrx_word' id='word_1_144' title='bbox 528 2060 561 2124; x_wconf 86' lang='grc' dir='ltr'><strong>ἐν</strong></span> <span class='ocrx_word' id='word_1_145' title='bbox 584 2063 684 2146; x_wconf 78' lang='grc' dir='ltr'><strong><em>καιρῷ</em></strong></span> <span class='ocrx_word' id='word_1_146' title='bbox 704 2059 758 2141; x_wconf 77' lang='grc' dir='ltr'><strong>τῆς</strong></span> <span class='ocrx_word' id='word_1_147' title='bbox 778 2054 885 2141; x_wconf 78' lang='grc' dir='ltr'><strong><em>μάχης</em></strong></span> <span class='ocrx_word' id='word_1_148' title='bbox 904 2054 965 2121; x_wconf 65' lang='lat' dir='ltr'><strong>aiau*</strong></span> <span class='ocrx_word' id='word_1_149' title='bbox 989 2062 1052 2122; x_wconf 76' lang='grc' dir='ltr'><strong>τῶν</strong></span> <span class='ocrx_word' id='word_1_150' title='bbox 1077 2056 1180 2138; x_wconf 71' lang='lat' dir='ltr'><strong>Touo-</strong></span> 
     </span>
     <span class='ocr_line' id='line_1_17' title="bbox 85 2153 1180 2244; baseline -0.002 -24"><span class='ocrx_word' id='word_1_151' title='bbox 85 2182 150 2220; x_wconf 85' lang='grc' dir='ltr'><strong><em>κων</em></strong></span> <span class='ocrx_word' id='word_1_152' title='bbox 165 2155 281 2242; x_wconf 52' lang='grc' dir='ltr'><strong><em>,ἐοηται</em></strong></span> <span class='ocrx_word' id='word_1_153' title='bbox 301 2159 429 2223; x_wconf 79' lang='grc' dir='ltr'><strong><em>ἐκείνων</em></strong></span> <span class='ocrx_word' id='word_1_154' title='bbox 448 2157 566 2244; x_wconf 82' lang='grc' dir='ltr'><strong><em>ἐχθρός</em></strong></span> <span class='ocrx_word' id='word_1_155' title='bbox 594 2161 651 2222; x_wconf 85' lang='grc' dir='ltr'><strong><em>καί</em></strong></span> <span class='ocrx_word' id='word_1_156' title='bbox 668 2157 787 2241; x_wconf 86' lang='grc' dir='ltr'><strong><em>βοηθός</em></strong></span> <span class='ocrx_word' id='word_1_157' title='bbox 808 2161 864 2240; x_wconf 78' lang='grc' dir='ltr'><strong>τῆς</strong></span> <span class='ocrx_word' id='word_1_158' title='bbox 885 2153 1017 2231; x_wconf 82' lang='grc' dir='ltr'><strong><em>πόλεως.</em></strong></span> <span class='ocrx_word' id='word_1_159' title='bbox 1058 2158 1114 2221; x_wconf 77' lang='grc' dir='ltr'><strong><em>καί</em></strong></span> <span class='ocrx_word' id='word_1_160' title='bbox 1137 2153 1180 2232; x_wconf 83' lang='grc' dir='ltr'><strong>σός</strong></span> 
     </span>
     <span class='ocr_line' id='line_1_18' title="bbox 84 2254 1178 2347; baseline -0.004 -26"><span class='ocrx_word' id='word_1_161' title='bbox 84 2257 209 2339; x_wconf 77' lang='grc' dir='ltr'><strong><em>ἐγένετο</em></strong></span> <span class='ocrx_word' id='word_1_162' title='bbox 233 2257 252 2340; x_wconf 75' lang='grc' dir='ltr'><em>ἡ</em></span> <span class='ocrx_word' id='word_1_163' title='bbox 271 2258 373 2342; x_wconf 83' lang='grc' dir='ltr'><strong><em>μάχη,</em></strong></span> <span class='ocrx_word' id='word_1_164' title='bbox 402 2255 499 2342; x_wconf 80' lang='grc' dir='ltr'><strong><em>ἐδόθη</em></strong></span> <span class='ocrx_word' id='word_1_165' title='bbox 521 2259 608 2347; x_wconf 71' lang='grc' dir='ltr'><strong><em>ατίτρῖ</em></strong></span> <span class='ocrx_word' id='word_1_166' title='bbox 625 2256 858 2342; x_wconf 79' lang='grc' dir='ltr'><strong><em>ἤΜεσημβρία</em></strong></span> <span class='ocrx_word' id='word_1_167' title='bbox 882 2254 962 2321; x_wconf 88' lang='grc' dir='ltr'><strong><em>κατά</em></strong></span> <span class='ocrx_word' id='word_1_168' title='bbox 984 2255 1040 2338; x_wconf 79' lang='grc' dir='ltr'><strong>την</strong></span> <span class='ocrx_word' id='word_1_169' title='bbox 1060 2257 1178 2320; x_wconf 79' lang='grc' dir='ltr'><strong><em>ἐκείνου</em></strong></span> 
     </span>
     <span class='ocr_line' id='line_1_19' title="bbox 85 2353 1180 2440; baseline 0 -22"><span class='ocrx_word' id='word_1_170' title='bbox 85 2353 225 2439; x_wconf 85' lang='grc' dir='ltr'><strong><em>αἴτησιν,</em></strong></span> <span class='ocrx_word' id='word_1_171' title='bbox 246 2361 302 2422; x_wconf 86' lang='grc' dir='ltr'><strong><em>καί</em></strong></span> <span class='ocrx_word' id='word_1_172' title='bbox 330 2355 366 2421; x_wconf 87' lang='grc' dir='ltr'><strong>τό</strong></span> <span class='ocrx_word' id='word_1_173' title='bbox 392 2362 633 2440; x_wconf 78' lang='grc' dir='ltr'><strong><em>χρυσόβουλλον</em></strong></span> <span class='ocrx_word' id='word_1_174' title='bbox 662 2359 703 2420; x_wconf 75' lang='grc' dir='ltr'><strong>δι’</strong></span> <span class='ocrx_word' id='word_1_175' title='bbox 725 2358 804 2437; x_wconf 83' lang='grc' dir='ltr'><strong><em>ἐμοῦ</em></strong></span> <span class='ocrx_word' id='word_1_176' title='bbox 826 2354 962 2440; x_wconf 77' lang='grc' dir='ltr'><strong><em>ἐγράφη,</em></strong></span> <span class='ocrx_word' id='word_1_177' title='bbox 984 2357 1040 2419; x_wconf 79' lang='grc' dir='ltr'><strong><em>καί</em></strong></span> <span class='ocrx_word' id='word_1_178' title='bbox 1061 2353 1077 2417; x_wconf 87' lang='grc' dir='ltr'><strong><em>ό</em></strong></span> <span class='ocrx_word' id='word_1_179' title='bbox 1097 2380 1180 2437; x_wconf 74' lang='grc' dir='ltr'><strong><em>γαμ-</em></strong></span> 
     </span>
     <span class='ocr_line' id='line_1_20' title="bbox 83 2453 1177 2542; baseline 0.003 -25"><span class='ocrx_word' id='word_1_180' title='bbox 83 2455 165 2539; x_wconf 85' lang='grc' dir='ltr'><strong><em>βρός</em></strong></span> <span class='ocrx_word' id='word_1_181' title='bbox 180 2455 354 2521; x_wconf 80' lang='grc' dir='ltr'><strong><em>Θεοδοσίου</em></strong></span> <span class='ocrx_word' id='word_1_182' title='bbox 379 2459 437 2521; x_wconf 77' lang='grc' dir='ltr'><strong><em>τοῦ</em></strong></span> <span class='ocrx_word' id='word_1_183' title='bbox 450 2461 600 2542; x_wconf 77' lang='grc' dir='ltr'><strong><em>Κυπρίου</em></strong></span> <span class='ocrx_word' id='word_1_184' title='bbox 623 2457 719 2521; x_wconf 80' lang='grc' dir='ltr'><strong><em>ότοό</em></strong></span> <span class='ocrx_word' id='word_1_185' title='bbox 742 2454 882 2538; x_wconf 64' lang='grc' dir='ltr'><strong><em>Μιχαάλ</em></strong></span> <span class='ocrx_word' id='word_1_186' title='bbox 905 2453 972 2529; x_wconf 75' lang='grc' dir='ltr'><strong><em>υἱός</em></strong></span> <span class='ocrx_word' id='word_1_187' title='bbox 993 2453 1120 2536; x_wconf 83' lang='grc' dir='ltr'><strong><em>ἐκόμισε</em></strong></span> <span class='ocrx_word' id='word_1_188' title='bbox 1142 2456 1177 2520; x_wconf 78' lang='grc' dir='ltr'><strong>τό</strong></span> 
     </span>
     <span class='ocr_line' id='line_1_21' title="bbox 26 2549 1178 2655; baseline -0.004 -33"><span class='ocrx_word' id='word_1_189' title='bbox 26 2551 321 2639; x_wconf 76' lang='grc' dir='ltr'><strong><em>ααχρυσόβουλλον</em></strong></span> <span class='ocrx_word' id='word_1_190' title='bbox 343 2553 423 2642; x_wconf 82' lang='grc' dir='ltr'><strong><em>πρός</em></strong></span> <span class='ocrx_word' id='word_1_191' title='bbox 444 2549 574 2639; x_wconf 68' lang='lat' dir='ltr'><strong>”laynam</strong></span> <span class='ocrx_word' id='word_1_192' title='bbox 628 2558 677 2633; x_wconf 85' lang='grc' dir='ltr'><strong>τίς</strong></span> <span class='ocrx_word' id='word_1_193' title='bbox 698 2557 848 2619; x_wconf 82' lang='grc' dir='ltr'><strong><em>ἐπίστατο</em></strong></span> <span class='ocrx_word' id='word_1_194' title='bbox 868 2555 925 2637; x_wconf 77' lang='grc' dir='ltr'><strong>την</strong></span> <span class='ocrx_word' id='word_1_195' title='bbox 944 2557 1001 2655; x_wconf 75' lang='grc' dir='ltr'><strong>τοῦΙ</strong></span> <span class='ocrx_word' id='word_1_196' title='bbox 1020 2557 1082 2618; x_wconf 75' lang='grc' dir='ltr'><strong><em>ταῖν</em></strong></span> <span class='ocrx_word' id='word_1_197' title='bbox 1105 2559 1178 2637; x_wconf 65' lang='grc' dir='ltr'><strong>1(αῇ</strong></span> 
     </span>
     <span class='ocr_line' id='line_1_22' title="bbox 82 2651 1178 2740; baseline 0.001 -23"><span class='ocrx_word' id='word_1_198' title='bbox 82 2654 226 2718; x_wconf 75' lang='grc' dir='ltr'><strong><em>σαλάκων</em></strong></span> <span class='ocrx_word' id='word_1_199' title='bbox 254 2652 350 2740; x_wconf 77' lang='grc' dir='ltr'><strong><em>ῥηγός</em></strong></span> <span class='ocrx_word' id='word_1_200' title='bbox 380 2654 521 2740; x_wconf 73' lang='grc' dir='ltr'><strong><em>ζητησινς</em></strong></span> <span class='ocrx_word' id='word_1_201' title='bbox 555 2653 591 2731; x_wconf 76' lang='grc' dir='ltr'><strong>ὃς</strong></span> <span class='ocrx_word' id='word_1_202' title='bbox 623 2657 809 2739; x_wconf 76' lang='grc' dir='ltr'><strong><em>όωρηθῆναι</em></strong></span> <span class='ocrx_word' id='word_1_203' title='bbox 841 2655 929 2740; x_wconf 66' lang='lat' dir='ltr'><strong>unicui</strong></span> <span class='ocrx_word' id='word_1_204' title='bbox 954 2651 1013 2738; x_wconf 76' lang='grc' dir='ltr'><strong>την</strong></span> <span class='ocrx_word' id='word_1_205' title='bbox 1044 2656 1178 2735; x_wconf 76' lang='grc' dir='ltr'><strong><em>Λῆμνον</em></strong></span> 
     </span>
     <span class='ocr_line' id='line_1_23' title="bbox 81 2750 1180 2838; baseline 0.001 -22"><span class='ocrx_word' id='word_1_206' title='bbox 81 2750 198 2836; x_wconf 81' lang='grc' dir='ltr'><strong><em>ἐζήτει,</em></strong></span> <span class='ocrx_word' id='word_1_207' title='bbox 217 2758 273 2818; x_wconf 84' lang='grc' dir='ltr'><strong><em>καί</em></strong></span> <span class='ocrx_word' id='word_1_208' title='bbox 293 2753 405 2838; x_wconf 82' lang='grc' dir='ltr'><strong><em>ἐοηται</em></strong></span> <span class='ocrx_word' id='word_1_209' title='bbox 426 2753 506 2819; x_wconf 82' lang='grc' dir='ltr'><strong><em>κατά</em></strong></span> <span class='ocrx_word' id='word_1_210' title='bbox 529 2759 593 2819; x_wconf 78' lang='grc' dir='ltr'><strong>τῶν</strong></span> <span class='ocrx_word' id='word_1_211' title='bbox 618 2754 766 2837; x_wconf 86' lang='grc' dir='ltr'><strong><em>Τοόρκων</em></strong></span> <span class='ocrx_word' id='word_1_212' title='bbox 788 2752 841 2817; x_wconf 81' lang='grc' dir='ltr'><strong>διά</strong></span> <span class='ocrx_word' id='word_1_213' title='bbox 864 2750 1030 2835; x_wconf 77' lang='grc' dir='ltr'><strong><em>θαλάσσης</em></strong></span> <span class='ocrx_word' id='word_1_214' title='bbox 1053 2755 1107 2816; x_wconf 81' lang='grc' dir='ltr'><strong><em>αἐί</em></strong></span> <span class='ocrx_word' id='word_1_215' title='bbox 1123 2752 1180 2817; x_wconf 79' lang='grc' dir='ltr'><strong><em>καί</em></strong></span> 
     </span>
     <span class='ocr_line' id='line_1_24' title="bbox 80 2849 1177 2942; baseline 0.002 -27"><span class='ocrx_word' id='word_1_216' title='bbox 80 2849 162 2938; x_wconf 73' lang='grc' dir='ltr'><strong><em>ὑπὲρ</em></strong></span> <span class='ocrx_word' id='word_1_217' title='bbox 190 2857 247 2936; x_wconf 75' lang='grc' dir='ltr'><strong>τῆς</strong></span> <span class='ocrx_word' id='word_1_218' title='bbox 279 2849 397 2929; x_wconf 80' lang='grc' dir='ltr'><strong><em>πόλεως</em></strong></span> <span class='ocrx_word' id='word_1_219' title='bbox 423 2857 460 2919; x_wconf 84' lang='grc' dir='ltr'><strong>ἐκ</strong></span> <span class='ocrx_word' id='word_1_220' title='bbox 480 2853 599 2942; x_wconf 70' lang='grc' dir='ltr'><strong><em>ἀνάγκη</em></strong></span> <span class='ocrx_word' id='word_1_221' title='bbox 630 2856 784 2940; x_wconf 80' lang='grc' dir='ltr'><strong><em>βοήθεια·</em></strong></span> <span class='ocrx_word' id='word_1_222' title='bbox 836 2852 892 2918; x_wconf 82' lang='grc' dir='ltr'><strong><em>καί</em></strong></span> <span class='ocrx_word' id='word_1_223' title='bbox 907 2849 1089 2939; x_wconf 80' lang='grc' dir='ltr'><strong><em>ἐπράττετο.</em></strong></span> <span class='ocrx_word' id='word_1_224' title='bbox 1128 2855 1177 2928; x_wconf 84' lang='grc' dir='ltr'><strong>τίς</strong></span> 
     </span>
    </p>
   </div>
   <div class='ocr_carea' id='block_1_3' title="bbox 152 3013 604 3104">
    <p class='ocr_par' dir='ltr' id='par_1_3' title="bbox 152 3013 604 3104">
     <span class='ocr_line' id='line_1_25' title="bbox 152 3013 604 3104; baseline -0.002 -21"><span class='ocrx_word' id='word_1_225' title='bbox 152 3033 178 3083; x_wconf 86' lang='grc'><strong>6.</strong></span> <span class='ocrx_word' id='word_1_226' title='bbox 195 3013 217 3097; x_wconf 58' lang='grc' dir='ltr'><strong>οἳ</strong></span> <span class='ocrx_word' id='word_1_227' title='bbox 237 3038 300 3104; x_wconf 85' lang='lat' dir='ltr'><strong>port</strong></span> <span class='ocrx_word' id='word_1_228' title='bbox 314 3031 404 3086; x_wconf 69' lang='grc' dir='ltr'><strong><em>εἰπεῖν</em></strong></span> <span class='ocrx_word' id='word_1_229' title='bbox 419 3030 604 3085; x_wconf 77' lang='lat' dir='ltr'><strong>transtulerim</strong></span> 
     </span>
    </p>
   </div>
   <div class='ocr_carea' id='block_1_4' title="bbox 70 3189 1173 4464">
    <p class='ocr_par' dir='ltr' id='par_1_4' title="bbox 81 3189 1173 3331">
     <span class='ocr_line' id='line_1_26' title="bbox 81 3189 1173 3267; baseline -0.001 -22"><span class='ocrx_word' id='word_1_230' title='bbox 81 3193 107 3245; x_wconf 75' lang='lat' dir='ltr'><strong>ai</strong></span> <span class='ocrx_word' id='word_1_231' title='bbox 124 3189 191 3267; x_wconf 79' lang='lat' dir='ltr'><strong>urhe</strong></span> <span class='ocrx_word' id='word_1_232' title='bbox 210 3207 283 3242; x_wconf 87' lang='lat' dir='ltr'><strong>nunc</strong></span> <span class='ocrx_word' id='word_1_233' title='bbox 304 3208 360 3243; x_wconf 93' lang='lat' dir='ltr'><strong>non</strong></span> <span class='ocrx_word' id='word_1_234' title='bbox 385 3192 532 3262; x_wconf 86' lang='lat' dir='ltr'><strong>potiretur,</strong></span> <span class='ocrx_word' id='word_1_235' title='bbox 550 3194 640 3246; x_wconf 83' lang='lat' dir='ltr'><strong>rtatim</strong></span> <span class='ocrx_word' id='word_1_236' title='bbox 666 3209 696 3246; x_wconf 83' lang='lat' dir='ltr'><strong>tc</strong></span> <span class='ocrx_word' id='word_1_237' title='bbox 713 3193 857 3246; x_wconf 74' lang='lat' dir='ltr'><strong>amicitiam</strong></span> <span class='ocrx_word' id='word_1_238' title='bbox 882 3193 1023 3246; x_wconf 78' lang='lat' dir='ltr'><strong>nobiscum</strong></span> <span class='ocrx_word' id='word_1_239' title='bbox 1043 3193 1173 3245; x_wconf 87' lang='lat' dir='ltr'><strong>initurum</strong></span> 
     </span>
     <span class='ocr_line' id='line_1_27' title="bbox 81 3263 846 3331; baseline 0.001 -16"><span class='ocrx_word' id='word_1_240' title='bbox 81 3269 111 3315; x_wconf 83' lang='lat' dir='ltr'><strong>et</strong></span> <span class='ocrx_word' id='word_1_241' title='bbox 128 3279 178 3331; x_wconf 88' lang='lat' dir='ltr'><strong>per</strong></span> <span class='ocrx_word' id='word_1_242' title='bbox 197 3269 282 3313; x_wconf 84' lang='lat' dir='ltr'><strong>totam</strong></span> <span class='ocrx_word' id='word_1_243' title='bbox 299 3263 380 3314; x_wconf 88' lang='lat' dir='ltr'><strong>vitam</strong></span> <span class='ocrx_word' id='word_1_244' title='bbox 401 3274 566 3325; x_wconf 81' lang='lat' dir='ltr'><strong>servaturum</strong></span> <span class='ocrx_word' id='word_1_245' title='bbox 586 3281 654 3317; x_wconf 82' lang='lat' dir='ltr'><strong>erse.</strong></span> <span class='ocrx_word' id='word_1_246' title='bbox 845 3266 846 3269; x_wconf 72' lang='grc'>’</span> 
     </span>
    </p>

    <p class='ocr_par' dir='ltr' id='par_1_5' title="bbox 70 3330 1172 4464">
     <span class='ocr_line' id='line_1_28' title="bbox 151 3330 1172 3403; baseline 0 -20"><span class='ocrx_word' id='word_1_247' title='bbox 151 3334 251 3384; x_wconf 77' lang='lat' dir='ltr'><strong>Bartae</strong></span> <span class='ocrx_word' id='word_1_248' title='bbox 267 3340 359 3384; x_wconf 73' lang='lat' dir='ltr'><strong>autom</strong></span> <span class='ocrx_word' id='word_1_249' title='bbox 374 3336 520 3386; x_wconf 77' lang='lat' dir='ltr'><strong>memoriae</strong></span> <span class='ocrx_word' id='word_1_250' title='bbox 539 3335 692 3403; x_wconf 83' lang='lat' dir='ltr'><strong>imperator,</strong></span> <span class='ocrx_word' id='word_1_251' title='bbox 710 3333 836 3386; x_wconf 77' lang='lat' dir='ltr'><strong>dominus</strong></span> <span class='ocrx_word' id='word_1_252' title='bbox 856 3351 949 3396; x_wconf 83' lang='lat' dir='ltr'><strong>meus,</strong></span> <span class='ocrx_word' id='word_1_253' title='bbox 967 3333 1034 3401; x_wconf 82' lang='lat' dir='ltr'><strong>quid</strong></span> <span class='ocrx_word' id='word_1_254' title='bbox 1050 3349 1102 3403; x_wconf 89' lang='lat' dir='ltr'><strong>pro</strong></span> <span class='ocrx_word' id='word_1_255' title='bbox 1120 3330 1172 3384; x_wconf 79' lang='lat' dir='ltr'><strong>tle-</strong></span> 
     </span>
     <span class='ocr_line' id='line_1_29' title="bbox 79 3402 1170 3474; baseline 0 -21"><span class='ocrx_word' id='word_1_256' title='bbox 79 3402 206 3455; x_wconf 77' lang='lat' dir='ltr'><strong>fensione</strong></span> <span class='ocrx_word' id='word_1_257' title='bbox 230 3403 304 3454; x_wconf 84' lang='lat' dir='ltr'><strong>urbia</strong></span> <span class='ocrx_word' id='word_1_258' title='bbox 332 3413 361 3456; x_wconf 85' lang='lat' dir='ltr'><strong>et</strong></span> <span class='ocrx_word' id='word_1_259' title='bbox 378 3405 500 3474; x_wconf 88' lang='lat' dir='ltr'><strong>imperii,</strong></span> <span class='ocrx_word' id='word_1_260' title='bbox 518 3406 590 3468; x_wconf 86' lang='lat' dir='ltr'><strong>imo,</strong></span> <span class='ocrx_word' id='word_1_261' title='bbox 609 3413 640 3457; x_wconf 93' lang='lat' dir='ltr'><strong>ut</strong></span> <span class='ocrx_word' id='word_1_262' title='bbox 656 3405 745 3456; x_wconf 70' lang='lat' dir='ltr'><strong>verius</strong></span> <span class='ocrx_word' id='word_1_263' title='bbox 766 3405 861 3466; x_wconf 82' lang='lat' dir='ltr'><strong>dicam,</strong></span> <span class='ocrx_word' id='word_1_264' title='bbox 881 3422 929 3474; x_wconf 91' lang='lat' dir='ltr'><strong>pro</strong></span> <span class='ocrx_word' id='word_1_265' title='bbox 950 3405 1037 3456; x_wconf 83' lang='lat' dir='ltr'><strong>aalrrte</strong></span> <span class='ocrx_word' id='word_1_266' title='bbox 1055 3403 1170 3471; x_wconf 78' lang='lat' dir='ltr'><strong>capitia,</strong></span> 
     </span>
     <span class='ocr_line' id='line_1_30' title="bbox 78 3474 1169 3542; baseline 0.003 -19"><span class='ocrx_word' id='word_1_267' title='bbox 78 3474 170 3542; x_wconf 86' lang='lat' dir='ltr'><strong>palam</strong></span> <span class='ocrx_word' id='word_1_268' title='bbox 187 3483 215 3526; x_wconf 89' lang='lat' dir='ltr'><strong>et</strong></span> <span class='ocrx_word' id='word_1_269' title='bbox 235 3475 340 3526; x_wconf 83' lang='lat' dir='ltr'><strong>occulte</strong></span> <span class='ocrx_word' id='word_1_270' title='bbox 359 3493 415 3538; x_wconf 80' lang='lat' dir='ltr'><strong>non</strong></span> <span class='ocrx_word' id='word_1_271' title='bbox 435 3484 476 3527; x_wconf 81' lang='lat' dir='ltr'><strong>eat</strong></span> <span class='ocrx_word' id='word_1_272' title='bbox 494 3475 623 3528; x_wconf 81' lang='lat' dir='ltr'><strong>molitur?</strong></span> <span class='ocrx_word' id='word_1_273' title='bbox 642 3475 870 3527; x_wconf 65' lang='lat' dir='ltr'><strong>manifestumne</strong></span> <span class='ocrx_word' id='word_1_274' title='bbox 890 3476 971 3537; x_wconf 84' lang='lat' dir='ltr'><strong>enim,</strong></span> <span class='ocrx_word' id='word_1_275' title='bbox 989 3477 1011 3526; x_wconf 80' lang='lat' dir='ltr'><strong>si</strong></span> <span class='ocrx_word' id='word_1_276' title='bbox 1028 3475 1169 3537; x_wconf 72' lang='lat' dir='ltr'><strong>voluisset,</strong></span> 
     </span>
     <span class='ocr_line' id='line_1_31' title="bbox 80 3543 1168 3616; baseline -0.001 -21"><span class='ocrx_word' id='word_1_277' title='bbox 80 3544 161 3596; x_wconf 85' lang='lat' dir='ltr'><strong>facile</strong></span> <span class='ocrx_word' id='word_1_278' title='bbox 179 3562 240 3596; x_wconf 83' lang='lat' dir='ltr'><strong>eurn</strong></span> <span class='ocrx_word' id='word_1_279' title='bbox 260 3545 352 3613; x_wconf 79' lang='lat' dir='ltr'><strong>fugere</strong></span> <span class='ocrx_word' id='word_1_280' title='bbox 370 3547 501 3616; x_wconf 82' lang='lat' dir='ltr'><strong>potuisse.</strong></span> <span class='ocrx_word' id='word_1_281' title='bbox 520 3563 612 3597; x_wconf 85' lang='lat' dir='ltr'><strong>verum</strong></span> <span class='ocrx_word' id='word_1_282' title='bbox 630 3547 728 3609; x_wconf 85' lang='lat' dir='ltr'><strong>uoluit,</strong></span> <span class='ocrx_word' id='word_1_283' title='bbox 746 3545 793 3598; x_wconf 83' lang='lat' dir='ltr'><strong>aed</strong></span> <span class='ocrx_word' id='word_1_284' title='bbox 805 3545 948 3597; x_wconf 76' lang='lat' dir='ltr'><strong>laborabat</strong></span> <span class='ocrx_word' id='word_1_285' title='bbox 963 3545 997 3596; x_wconf 88' lang='lat' dir='ltr'><strong>ad</strong></span> <span class='ocrx_word' id='word_1_286' title='bbox 1015 3543 1168 3614; x_wconf 79' lang='lat' dir='ltr'><strong>exemplum</strong></span> 
     </span>
     <span class='ocr_line' id='line_1_32' title="bbox 77 3613 1166 3687; baseline 0.001 -21"><span class='ocrx_word' id='word_1_287' title='bbox 77 3613 145 3666; x_wconf 89' lang='lat' dir='ltr'><strong>boui</strong></span> <span class='ocrx_word' id='word_1_288' title='bbox 175 3617 305 3684; x_wconf 77' lang='lat' dir='ltr'><strong>pastoria,</strong></span> <span class='ocrx_word' id='word_1_289' title='bbox 333 3617 381 3685; x_wconf 92' lang='lat' dir='ltr'><strong>qui</strong></span> <span class='ocrx_word' id='word_1_290' title='bbox 410 3618 525 3668; x_wconf 86' lang='lat' dir='ltr'><strong>animam</strong></span> <span class='ocrx_word' id='word_1_291' title='bbox 545 3615 660 3687; x_wconf 85' lang='lat' dir='ltr'><strong>deponit</strong></span> <span class='ocrx_word' id='word_1_292' title='bbox 685 3634 734 3686; x_wconf 89' lang='lat' dir='ltr'><strong>pro</strong></span> <span class='ocrx_word' id='word_1_293' title='bbox 754 3617 868 3678; x_wconf 84' lang='lat' dir='ltr'><strong>oviboa,</strong></span> <span class='ocrx_word' id='word_1_294' title='bbox 896 3625 928 3667; x_wconf 91' lang='lat' dir='ltr'><strong>ut</strong></span> <span class='ocrx_word' id='word_1_295' title='bbox 946 3615 1074 3686; x_wconf 72' lang='lat' dir='ltr'><strong>deposuit</strong></span> <span class='ocrx_word' id='word_1_296' title='bbox 1092 3631 1166 3667; x_wconf 81' lang='lat' dir='ltr'><strong>rane.</strong></span> 
     </span>
     <span class='ocr_line' id='line_1_33' title="bbox 77 3686 1167 3756; baseline 0.002 -20"><span class='ocrx_word' id='word_1_297' title='bbox 77 3686 140 3755; x_wconf 79' lang='lat' dir='ltr'><strong>quis</strong></span> <span class='ocrx_word' id='word_1_298' title='bbox 160 3695 248 3738; x_wconf 83' lang='lat' dir='ltr'><strong>autem</strong></span> <span class='ocrx_word' id='word_1_299' title='bbox 266 3687 336 3738; x_wconf 80' lang='lat' dir='ltr'><strong>aliua</strong></span> <span class='ocrx_word' id='word_1_300' title='bbox 355 3686 423 3738; x_wconf 83' lang='lat' dir='ltr'><strong>hacc</strong></span> <span class='ocrx_word' id='word_1_301' title='bbox 449 3695 478 3739; x_wconf 84' lang='lat' dir='ltr'><strong>et</strong></span> <span class='ocrx_word' id='word_1_302' title='bbox 502 3688 606 3756; x_wconf 87' lang='lat' dir='ltr'><strong>reliqua</strong></span> <span class='ocrx_word' id='word_1_303' title='bbox 624 3687 695 3738; x_wconf 82' lang='lat' dir='ltr'><strong>iacta</strong></span> <span class='ocrx_word' id='word_1_304' title='bbox 713 3695 820 3756; x_wconf 83' lang='lat' dir='ltr'><strong>praeter</strong></span> <span class='ocrx_word' id='word_1_305' title='bbox 836 3687 985 3739; x_wconf 83' lang='lat' dir='ltr'><strong>lohunuern</strong></span> <span class='ocrx_word' id='word_1_306' title='bbox 1002 3687 1167 3738; x_wconf 81' lang='lat' dir='ltr'><strong>Cantacuze-</strong></span> 
     </span>
     <span class='ocr_line' id='line_1_34' title="bbox 76 3755 1167 3825; baseline 0 -18"><span class='ocrx_word' id='word_1_307' title='bbox 76 3764 196 3808; x_wconf 82' lang='lat' dir='ltr'><strong>uomet</strong></span> <span class='ocrx_word' id='word_1_308' title='bbox 227 3773 269 3808; x_wconf 84' lang='lat' dir='ltr'><strong>rue</strong></span> <span class='ocrx_word' id='word_1_309' title='bbox 288 3758 418 3810; x_wconf 81' lang='lat' dir='ltr'><strong>noverat?</strong></span> <span class='ocrx_word' id='word_1_310' title='bbox 451 3765 592 3809; x_wconf 87' lang='lat' dir='ltr'><strong>otaverat</strong></span> <span class='ocrx_word' id='word_1_311' title='bbox 616 3773 649 3808; x_wconf 81' lang='lat' dir='ltr'><strong>ex</strong></span> <span class='ocrx_word' id='word_1_312' title='bbox 672 3758 804 3825; x_wconf 75' lang='lat' dir='ltr'><strong>ilungarir</strong></span> <span class='ocrx_word' id='word_1_313' title='bbox 830 3755 958 3809; x_wconf 82' lang='lat' dir='ltr'><strong>oriundus</strong></span> <span class='ocrx_word' id='word_1_314' title='bbox 982 3761 1085 3820; x_wconf 75' lang='lat' dir='ltr'><strong>laneus,</strong></span> <span class='ocrx_word' id='word_1_315' title='bbox 1107 3757 1167 3808; x_wconf 82' lang='lat' dir='ltr'><strong>dari</strong></span> 
     </span>
     <span class='ocr_line' id='line_1_35' title="bbox 76 3775 1167 3898; baseline 0 -20"><span class='ocrx_word' id='word_1_316' title='bbox 76 3827 129 3878; x_wconf 79' lang='lat' dir='ltr'><strong>ribi</strong></span> <span class='ocrx_word' id='word_1_317' title='bbox 148 3826 181 3877; x_wconf 84' lang='lat' dir='ltr'><strong>ab</strong></span> <span class='ocrx_word' id='word_1_318' title='bbox 200 3827 360 3896; x_wconf 81' lang='lat' dir='ltr'><strong>imperatore</strong></span> <span class='ocrx_word' id='word_1_319' title='bbox 380 3775 556 3895; x_wconf 56' lang='lat' dir='ltr'><strong>selymbriam</strong></span> <span class='ocrx_word' id='word_1_320' title='bbox 584 3838 631 3880; x_wconf 86' lang='lat' dir='ltr'><strong>aut</strong></span> <span class='ocrx_word' id='word_1_321' title='bbox 655 3828 854 3891; x_wconf 77' lang='lat' dir='ltr'><strong>Mesembriam,</strong></span> <span class='ocrx_word' id='word_1_322' title='bbox 878 3829 1019 3898; x_wconf 83' lang='lat' dir='ltr'><strong>pollicitur</strong></span> <span class='ocrx_word' id='word_1_323' title='bbox 1037 3843 1066 3879; x_wconf 79' lang='grc' dir='ltr'><strong><em>ιο</em></strong></span> <span class='ocrx_word' id='word_1_324' title='bbox 1083 3844 1167 3879; x_wconf 86' lang='lat' dir='ltr'><strong>uuum</strong></span> 
     </span>
     <span class='ocr_line' id='line_1_36' title="bbox 76 3897 1166 3968; baseline -0.001 -20"><span class='ocrx_word' id='word_1_325' title='bbox 76 3912 92 3948; x_wconf 80' lang='grc' dir='ltr'><strong><em>ο</em></strong></span> <span class='ocrx_word' id='word_1_326' title='bbox 111 3897 240 3949; x_wconf 81' lang='lat' dir='ltr'><strong>aubicctia</strong></span> <span class='ocrx_word' id='word_1_327' title='bbox 262 3900 320 3949; x_wconf 85' lang='lat' dir='ltr'><strong>eiua</strong></span> <span class='ocrx_word' id='word_1_328' title='bbox 345 3899 403 3950; x_wconf 79' lang='lat' dir='ltr'><strong>turc</strong></span> <span class='ocrx_word' id='word_1_329' title='bbox 432 3909 460 3951; x_wconf 88' lang='lat' dir='ltr'><strong>ct</strong></span> <span class='ocrx_word' id='word_1_330' title='bbox 475 3900 575 3951; x_wconf 75' lang='lat' dir='ltr'><strong>multos</strong></span> <span class='ocrx_word' id='word_1_331' title='bbox 593 3898 627 3949; x_wconf 87' lang='lat' dir='ltr'><strong>de</strong></span> <span class='ocrx_word' id='word_1_332' title='bbox 651 3900 757 3950; x_wconf 80' lang='lat' dir='ltr'><strong>aulaeo</strong></span> <span class='ocrx_word' id='word_1_333' title='bbox 776 3899 970 3961; x_wconf 84' lang='lat' dir='ltr'><strong>traducturum,</strong></span> <span class='ocrx_word' id='word_1_334' title='bbox 989 3908 1072 3968; x_wconf 80' lang='lat' dir='ltr'><strong>atque</strong></span> <span class='ocrx_word' id='word_1_335' title='bbox 1089 3897 1166 3950; x_wconf 82' lang='lat' dir='ltr'><strong>bello</strong></span> 
     </span>
     <span class='ocr_line' id='line_1_37' title="bbox 74 3968 1166 4030; baseline -0.001 -12"><span class='ocrx_word' id='word_1_336' title='bbox 74 3984 136 4019; x_wconf 86' lang='lat' dir='ltr'><strong>cum</strong></span> <span class='ocrx_word' id='word_1_337' title='bbox 153 3969 249 4020; x_wconf 79' lang='lat' dir='ltr'><strong>Turcia</strong></span> <span class='ocrx_word' id='word_1_338' title='bbox 266 3968 382 4021; x_wconf 88' lang='lat' dir='ltr'><strong>conflato</strong></span> <span class='ocrx_word' id='word_1_339' title='bbox 400 3969 496 4021; x_wconf 89' lang='lat' dir='ltr'><strong>horum</strong></span> <span class='ocrx_word' id='word_1_340' title='bbox 514 3969 629 4030; x_wconf 87' lang='lat' dir='ltr'><strong>hostem,</strong></span> <span class='ocrx_word' id='word_1_341' title='bbox 648 3969 721 4021; x_wconf 79' lang='lat' dir='ltr'><strong>urbia</strong></span> <span class='ocrx_word' id='word_1_342' title='bbox 740 3969 872 4021; x_wconf 80' lang='lat' dir='ltr'><strong>vindicem</strong></span> <span class='ocrx_word' id='word_1_343' title='bbox 894 3971 1013 4021; x_wconf 84' lang='lat' dir='ltr'><strong>futurum</strong></span> <span class='ocrx_word' id='word_1_344' title='bbox 1026 3984 1094 4020; x_wconf 81' lang='lat' dir='ltr'><strong>erae.</strong></span> <span class='ocrx_word' id='word_1_345' title='bbox 1112 3968 1166 4019; x_wconf 86' lang='lat' dir='ltr'><strong>ita-</strong></span> 
     </span>
     <span class='ocr_line' id='line_1_38' title="bbox 74 4039 1164 4111; baseline -0.002 -22"><span class='ocrx_word' id='word_1_346' title='bbox 74 4056 138 4109; x_wconf 85' lang='lat' dir='ltr'><strong>que,</strong></span> <span class='ocrx_word' id='word_1_347' title='bbox 157 4040 297 4090; x_wconf 82' lang='lat' dir='ltr'><strong>commiaao</strong></span> <span class='ocrx_word' id='word_1_348' title='bbox 317 4040 400 4103; x_wconf 88' lang='lat' dir='ltr'><strong>bello,</strong></span> <span class='ocrx_word' id='word_1_349' title='bbox 418 4041 479 4092; x_wconf 87' lang='lat' dir='ltr'><strong>data</strong></span> <span class='ocrx_word' id='word_1_350' title='bbox 495 4041 519 4091; x_wconf 90' lang='lat' dir='ltr'><strong>ei</strong></span> <span class='ocrx_word' id='word_1_351' title='bbox 539 4048 581 4091; x_wconf 81' lang='lat' dir='ltr'><strong>cst</strong></span> <span class='ocrx_word' id='word_1_352' title='bbox 593 4039 761 4100; x_wconf 82' lang='lat' dir='ltr'><strong>Mesembria,</strong></span> <span class='ocrx_word' id='word_1_353' title='bbox 780 4051 811 4093; x_wconf 89' lang='lat' dir='ltr'><strong>ut</strong></span> <span class='ocrx_word' id='word_1_354' title='bbox 829 4042 971 4111; x_wconf 79' lang='lat' dir='ltr'><strong>petiverat,</strong></span> <span class='ocrx_word' id='word_1_355' title='bbox 989 4039 1065 4091; x_wconf 88' lang='lat' dir='ltr'><strong>bulla</strong></span> <span class='ocrx_word' id='word_1_356' title='bbox 1082 4053 1164 4088; x_wconf 76' lang='lat' dir='ltr'><strong>aurea</strong></span> 
     </span>
     <span class='ocr_line' id='line_1_39' title="bbox 73 4107 1165 4180; baseline 0 -20"><span class='ocrx_word' id='word_1_357' title='bbox 73 4126 89 4159; x_wconf 87' lang='lat' dir='ltr'><strong>a</strong></span> <span class='ocrx_word' id='word_1_358' title='bbox 107 4126 150 4160; x_wconf 88' lang='lat' dir='ltr'><strong>me</strong></span> <span class='ocrx_word' id='word_1_359' title='bbox 168 4110 320 4179; x_wconf 76' lang='lat' dir='ltr'><strong>conscripta</strong></span> <span class='ocrx_word' id='word_1_360' title='bbox 337 4118 366 4163; x_wconf 85' lang='lat' dir='ltr'><strong>et</strong></span> <span class='ocrx_word' id='word_1_361' title='bbox 384 4128 433 4180; x_wconf 84' lang='lat' dir='ltr'><strong>per</strong></span> <span class='ocrx_word' id='word_1_362' title='bbox 449 4110 599 4163; x_wconf 78' lang='lat' dir='ltr'><strong>Theodosii</strong></span> <span class='ocrx_word' id='word_1_363' title='bbox 609 4111 701 4180; x_wconf 80' lang='lat' dir='ltr'><strong>Cyprii</strong></span> <span class='ocrx_word' id='word_1_364' title='bbox 723 4111 833 4173; x_wconf 75' lang='lat' dir='ltr'><strong>ailinem,</strong></span> <span class='ocrx_word' id='word_1_365' title='bbox 857 4111 999 4162; x_wconf 75' lang='lat' dir='ltr'><strong>Michaelis</strong></span> <span class='ocrx_word' id='word_1_366' title='bbox 1018 4110 1113 4170; x_wconf 86' lang='lat' dir='ltr'><strong>lilium,</strong></span> <span class='ocrx_word' id='word_1_367' title='bbox 1129 4107 1165 4160; x_wconf 82' lang='lat' dir='ltr'><strong>ad</strong></span> 
     </span>
     <span class='ocr_line' id='line_1_40' title="bbox 72 4179 1163 4250; baseline -0.003 -19"><span class='ocrx_word' id='word_1_368' title='bbox 72 4182 182 4231; x_wconf 84' lang='lat' dir='ltr'><strong>laneum</strong></span> <span class='ocrx_word' id='word_1_369' title='bbox 201 4181 314 4249; x_wconf 84' lang='lat' dir='ltr'><strong>perlata.</strong></span> <span class='ocrx_word' id='word_1_370' title='bbox 357 4182 400 4231; x_wconf 90' lang='lat' dir='ltr'><strong>cui</strong></span> <span class='ocrx_word' id='word_1_371' title='bbox 421 4188 487 4233; x_wconf 83' lang='lat' dir='ltr'><strong>uota</strong></span> <span class='ocrx_word' id='word_1_372' title='bbox 515 4190 574 4233; x_wconf 89' lang='lat' dir='ltr'><strong>erat</strong></span> <span class='ocrx_word' id='word_1_373' title='bbox 598 4182 790 4234; x_wconf 84' lang='lat' dir='ltr'><strong>Catelauorum</strong></span> <span class='ocrx_word' id='word_1_374' title='bbox 818 4183 886 4250; x_wconf 79' lang='lat' dir='ltr'><strong>regia</strong></span> <span class='ocrx_word' id='word_1_375' title='bbox 907 4179 1024 4250; x_wconf 81' lang='lat' dir='ltr'><strong>petitio?</strong></span> <span class='ocrx_word' id='word_1_376' title='bbox 1054 4180 1116 4248; x_wconf 89' lang='lat' dir='ltr'><strong>qui,</strong></span> <span class='ocrx_word' id='word_1_377' title='bbox 1140 4179 1163 4229; x_wconf 81' lang='lat' dir='ltr'><strong>ai</strong></span> 
     </span>
     <span class='ocr_line' id='line_1_41' title="bbox 72 4249 1164 4320; baseline 0.001 -19"><span class='ocrx_word' id='word_1_378' title='bbox 72 4249 221 4302; x_wconf 86' lang='lat' dir='ltr'><strong>donaretur</strong></span> <span class='ocrx_word' id='word_1_379' title='bbox 236 4251 289 4303; x_wconf 85' lang='lat' dir='ltr'><strong>albi</strong></span> <span class='ocrx_word' id='word_1_380' title='bbox 308 4253 433 4313; x_wconf 87' lang='lat' dir='ltr'><strong>Lemnur,</strong></span> <span class='ocrx_word' id='word_1_381' title='bbox 450 4251 576 4303; x_wconf 77' lang='lat' dir='ltr'><strong>adversus</strong></span> <span class='ocrx_word' id='word_1_382' title='bbox 596 4252 696 4304; x_wconf 82' lang='lat' dir='ltr'><strong>Turcar</strong></span> <span class='ocrx_word' id='word_1_383' title='bbox 723 4253 791 4303; x_wconf 83' lang='lat' dir='ltr'><strong>mari</strong></span> <span class='ocrx_word' id='word_1_384' title='bbox 810 4260 916 4320; x_wconf 76' lang='lat' dir='ltr'><strong>temper</strong></span> <span class='ocrx_word' id='word_1_385' title='bbox 955 4257 1116 4318; x_wconf 72' lang='lat' dir='ltr'><strong>agnatorum</strong></span> <span class='ocrx_word' id='word_1_386' title='bbox 1134 4258 1164 4302; x_wconf 83' lang='lat' dir='ltr'><strong>ct</strong></span> 
     </span>
     <span class='ocr_line' id='line_1_42' title="bbox 70 4318 1162 4390; baseline 0.001 -20"><span class='ocrx_word' id='word_1_387' title='bbox 70 4320 142 4379; x_wconf 85' lang='lat' dir='ltr'><strong>orbi,</strong></span> <span class='ocrx_word' id='word_1_388' title='bbox 163 4331 277 4390; x_wconf 77' lang='lat' dir='ltr'><strong>cogente</strong></span> <span class='ocrx_word' id='word_1_389' title='bbox 298 4322 467 4383; x_wconf 74' lang='lat' dir='ltr'><strong>necessitate,</strong></span> <span class='ocrx_word' id='word_1_390' title='bbox 486 4323 682 4390; x_wconf 85' lang='lat' dir='ltr'><strong>opitulaturum</strong></span> <span class='ocrx_word' id='word_1_391' title='bbox 703 4340 731 4373; x_wconf 81' lang='lat' dir='ltr'><strong>ae</strong></span> <span class='ocrx_word' id='word_1_392' title='bbox 751 4338 809 4374; x_wconf 81' lang='lat' dir='ltr'><strong>erae</strong></span> <span class='ocrx_word' id='word_1_393' title='bbox 828 4322 928 4389; x_wconf 83' lang='lat' dir='ltr'><strong>recipie</strong></span> <span class='ocrx_word' id='word_1_394' title='bbox 966 4329 989 4371; x_wconf 91' lang='lat' dir='ltr'><strong>t:</strong></span> <span class='ocrx_word' id='word_1_395' title='bbox 1007 4318 1041 4370; x_wconf 83' lang='lat' dir='ltr'><strong>de</strong></span> <span class='ocrx_word' id='word_1_396' title='bbox 1061 4335 1116 4389; x_wconf 80' lang='lat' dir='ltr'><strong>qua</strong></span> <span class='ocrx_word' id='word_1_397' title='bbox 1133 4337 1162 4371; x_wconf 87' lang='lat' dir='ltr'><strong>re</strong></span> 
     </span>
     <span class='ocr_line' id='line_1_43' title="bbox 71 4392 1161 4464; baseline 0 -21"><span class='ocrx_word' id='word_1_398' title='bbox 71 4409 132 4445; x_wconf 82' lang='lat' dir='ltr'><strong>curu</strong></span> <span class='ocrx_word' id='word_1_399' title='bbox 141 4392 191 4444; x_wconf 92' lang='lat' dir='ltr'><strong>illo</strong></span> <span class='ocrx_word' id='word_1_400' title='bbox 203 4402 290 4447; x_wconf 84' lang='lat' dir='ltr'><strong>actum</strong></span> <span class='ocrx_word' id='word_1_401' title='bbox 301 4403 349 4445; x_wconf 79' lang='lat' dir='ltr'><strong>cst.</strong></span> <span class='ocrx_word' id='word_1_402' title='bbox 360 4402 406 4444; x_wconf 86' lang='lat' dir='ltr'><strong>aut</strong></span> <span class='ocrx_word' id='word_1_403' title='bbox 416 4393 476 4462; x_wconf 80' lang='lat' dir='ltr'><strong>quia</strong></span> <span class='ocrx_word' id='word_1_404' title='bbox 486 4402 606 4458; x_wconf 81' lang='lat' dir='ltr'><strong>noverat,</strong></span> <span class='ocrx_word' id='word_1_405' title='bbox 617 4401 745 4464; x_wconf 85' lang='lat' dir='ltr'><strong>quantam</strong></span> <span class='ocrx_word' id='word_1_406' title='bbox 757 4392 899 4464; x_wconf 83' lang='lat' dir='ltr'><strong>pecuniam</strong></span> <span class='ocrx_word' id='word_1_407' title='bbox 913 4400 941 4442; x_wconf 87' lang='lat' dir='ltr'><strong>et</strong></span> <span class='ocrx_word' id='word_1_408' title='bbox 949 4405 1021 4461; x_wconf 79' lang='lat' dir='ltr'><strong>quae</strong></span> <span class='ocrx_word' id='word_1_409' title='bbox 1031 4392 1161 4462; x_wconf 74' lang='lat' dir='ltr'><strong>proruitur</strong></span> 
     </span>
    </p>
   </div>
   <div class='ocr_carea' id='block_1_5' title="bbox 0 0 1384 5092">
    <p class='ocr_par' dir='ltr' id='par_1_6' title="bbox 0 0 1384 5092">
     <span class='ocr_line' id='line_1_44' title="bbox 0 0 1384 5092; baseline 0 7"><span class='ocrx_word' id='word_1_410' title='bbox 0 0 1384 5092; x_wconf 95' lang='lat' dir='ltr'><strong> </strong></span> 
     </span>
    </p>
   </div>
  </div>
 </body>
</html>
