2760 5092
161 258 168 278 '
226 253 314 341 326
543 279 718 346 eaoaerr
748 277 991 344 ruaaamaa

223 435 298 512 βιάς
319 429 453 497 δυνατὸν
474 423 513 516 ἦν
532 432 772 513 α’ποσεαλθήναι
784 429 937 514 χρήματα
958 426 1101 515 κρυφίως
1120 433 1317 514 πολυμερῶς,

224 530 280 594 καί
298 526 487 613 α’νθράπους
509 527 627 610 ὁμοίως
651 531 694 592 δι’
715 524 812 592 ἄλλον
834 528 961 612 τρόπου.
1003 529 1070 592 ἀλλ’
1092 528 1151 592 οἰκ
1175 530 1316 592 sindico·

223 651 278 694 σεν
299 630 374 693 ουίλὲ
394 623 477 693 sides
509 628 615 705 οὐδεὶς
639 627 693 692 ἕνα
716 624 837 709 ὀβολόν.
879 626 949 709 ναί,
974 628 1105 710 α’ληθῶς
1126 627 1316 692 οἷπὲσιειλακ

222 726 323 791 πολλοὶ
343 727 494 812 χρήματα
507 729 564 791 καί
583 722 772 810 ἀνθρώπους
791 724 872 810 πρὸς
884 723 938 790 τὸν
959 726 1088 810 ἄμηρᾶν
1109 730 1315 811 πολιορκοῦν·

224 851 264 892 τα
283 824 341 910 τήν
365 822 474 889 πόλιν·
521 829 576 891 seui
604 823 843 910 ε’θριάμβευσαν
866 822 994 900 -αιίτσὺς
1025 821 1055 889 οἰ
1081 828 1227 910 Τοῦρκοι,
1249 829 1341 894 das-3

222 926 366 999 κου’σνεες
393 917 444 989 ὅτι
473 923 544 990 troo
575 922 630 989 καί
661 921 691 988 οἱ
712 927 826 1008 Σέρβοι
852 929 926 989 καθ’
956 924 1047 1005 ὑμῶν
1069 918 1160 1013 eleis
1181 927 1231 999 εἰς
1251 928 1316 990 ταῖν

221 1026 425 1108 Χριστιανῶν
460 1019 622 1112 αὗθίνιων
649 1017 671 1107 ή
697 1023 826 1108 Ἰβήρων
855 1023 1039 1088 ἀπέστειλεν
1068 1026 1123 1088 ἕνα
1153 1022 1268 1105 α’βολὸν
1293 1018 1316 1108 ή

178 1142 180 1146 “
220 1125 410 1207 ἀνθρώπους
430 1124 476 1198 εἰς
496 1125 650 1207 βοήθειαν
671 1126 729 1209 τῆς
747 1121 876 1204 πόλεως,
900 1114 921 1205 ή
942 1126 1089 1208 φανερῶς
1107 1118 1131 1206 ἰή
1150 1125 1313 1209 κρυφίως;

221 1220 251 1287 οἱ
276 1217 436 1306 Οάγγαροι
456 1226 492 1287 δὲ
519 1220 662 1289 ἔστειλαν
681 1225 829 1306 πρέσβεις
852 1220 932 1305 πρὸς
954 1220 1006 1286 τὸν
1027 1224 1157 1307 α’μηράν
1175 1228 1315 1307 λε’γονιες

221 1319 269 1387 ὅτι
289 1324 470 1402 σωζομένου
490 1323 543 1386 ἵνα
565 1318 658 1407 ἔχητε
677 1326 733 1387 καί
750 1318 833 1403 μετά
853 1324 911 1386 rori
931 1325 1088 1403 βασιλέως
1110 1321 1238 1406 εἰρήνην
1260 1325 1317 1387 καί
1326 1348 1356 1387 ro

221 1417 357 1505 άγάπην,
378 1419 572 1503 ἐποιήσαμεν
593 1420 647 1487 καί
669 1421 760 1508 ἡμεῖς
781 1422 838 1506 τήν
858 1421 984 1506 ἀγάπην
995 1424 1070 1501 μεθ’
1092 1416 1198 1500 ὑμῶν·
1244 1422 1316 1487 ἄλλ’
1361 1497 1363 1505 ⁴

221 1524 293 1585 εἰιεί
311 1513 350 1582 osi
369 1529 490 1604 τηρεῖτε
510 1518 592 1586 κατά
612 1522 669 1596 τὰς
689 1518 867 1603 α’ναμεεαξιί
899 1515 990 1603 ήμῶν
1010 1521 1065 1584 καί
1081 1519 1173 1601 ὑμῶν
1193 1518 1316 1603 συνθή-

221 1617 368 1697 νας,καί
393 1618 484 1701 ἡμεῖς
510 1615 718 1704 άθετήσωμεν
746 1623 851 1684 πᾶσαν
879 1620 934 1702 τήν
965 1620 1207 1703 εἰρηνοποιήσιν.
1259 1624 1318 1686 καί

221 1717 369 1804 ἔφθασαν
387 1716 417 1782 οἰ
439 1720 599 1802 πρέσβεις,
623 1718 716 1803 ήνίκα
728 1719 940 1801 ἐπολιορκεῖτο
965 1717 985 1801 ἦ
1008 1714 1105 1798 πόλις,
1124 1709 1201 1804 ἕνῇ
1224 1714 1316 1800 ἓβδο·

120 1884 121 1887 ¹
219 1814 452 1898 petritarum
473 1815 530 1901 τήν
551 1815 689 1902 ἐμβολήν
709 1819 820 1883 δαῖσαι.
862 1813 878 1882 ὃ
900 1819 935 1882 δὲ
959 1816 1087 1901 άμηρᾶς
1106 1818 1160 1882 καί
1183 1820 1273 1883 παῖσα
1294 1817 1315 1901 ή
1327 1820 1356 1884 15

220 1913 322 2000 βουλή
357 1908 456 1980 αἰτοῦ
482 1912 645 1998 ε’χρόνιζον
676 1911 796 1992 adroic
815 1917 919 2000 λόγοις
947 1921 1111 1992 κολακείας
1136 1918 1317 1998 προσδοκᾶν

221 2015 281 2099 τήν
310 2012 480 2100 α’πόκρισιν
506 2014 641 2099 σήμερον
663 2008 683 2099 ή
704 2006 826 2099 αὔριον.
878 2019 934 2081 καί
962 2011 1054 2080 τοῦτο
1083 2015 1213 2080 ἕποιὀυν
1232 2015 1315 2095 μετά

222 2116 329 2197 δόλου,
349 2107 428 2200 άχρι
444 2113 537 2181 ἴδωσι
558 2113 600 2179 τοὶ
619 2117 774 2195 μέλλοντα
794 2114 965 2199 συμβῆναι,
979 2110 1028 2179 ὅτι
1041 2116 1072 2180 εἰ
1088 2116 1148 2196 μὲν
1167 2114 1317 2198 παραλά.

223 2219 309 2296 βσιεν
329 2212 388 2297 τήν
409 2210 520 2295 πόλιν,
548 2212 679 2279 εἴπωσιν
709 2211 790 2299 πρὸς
813 2212 931 2288 αὐτοὺς
956 2212 1054 2278 “idor)
1076 2212 1136 2298 γάρ
1160 2210 1321 2300 ἐλάβομεν

138 2302 139 2309 ¹
224 2310 343 2395 αἰπήν·
385 2311 724 2395 ὖμεϊςδὲάπέλθετε,
753 2307 934 2389 saisieris
956 2313 1030 2399 δόξῃ
1053 2310 1358 2396 ὖμῖνποιήσατε,ου

222 2406 246 2494 ή
267 2411 395 2497 εἰρήνην
415 2409 501 2494 ἔχειν
518 2415 592 2495 μεθ’
613 2412 705 2496 ήμῶν
726 2404 748 2495 ή
768 2406 922 2496 μάχην·”
944 2409 964 2474 ὃ
987 2411 1024 2495 δή
1047 2411 1102 2476 καί
1121 2413 1242 2494 ἐγένετο
1265 2415 1319 2475 καί

224 2520 289 2587 τοῖς
308 2515 478 2594 πρέσβεσιν
498 2515 626 2597 ἐρρέθη.
649 2517 680 2578 εἰ
698 2515 735 2578 δὲ
758 2506 817 2575 οὐκ
829 2510 1090 2597 ἐπαρελάμβανον
1110 2509 1220 2593 αὐτήν,
1241 2503 1319 2594 ήθε·

225 2615 279 2674 λον
298 2612 397 2675 εἰπεῖν
417 2607 467 2675 ὅτι
487 2610 591 2693 ἕνεκεν
609 2616 665 2695 τῆς
689 2609 868 2692 άναμεεαξύ
888 2611 978 2697 ήμῶν
1002 2613 1057 2675 καί
1076 2609 1167 2691 ὑμῶν
1192 2608 1319 2693 εἰρήνης

189 2713 193 2720 ’
226 2707 243 2773 ὅ
263 2707 399 2792 πόλεμος
422 2698 563 2792 ἔπαυσὲ,
591 2708 746 2797 καίικατά
771 2706 827 2786 τάς
848 2713 1038 2796 συμφωνίας
1057 2705 1316 2794 ἀνεχωρήσαμεν.

227 2955 373 3018 summitti,
391 2970 470 3007 nemo
496 2954 645 3025 quidquam
659 2953 724 3006 iude
748 2953 883 3007 commodi
899 2954 1022 3024 percepit
1037 2970 1090 3005 nec
1106 2953 1177 3008 vidit
1193 2954 1241 3007 rel
1259 2962 1316 3006 ter-

227 3027 345 3078 uncium.
381 3025 436 3078 imo
458 3026 597 3078 miserunt
613 3042 738 3095 magnam
750 3027 882 3097 pecuniae
903 3034 932 3078 et
948 3026 1064 3078 miiitum
1082 3025 1188 3093 copiam
1208 3042 1316 3078 amerae

228 3096 321 3148 urbem
344 3097 531 3166 oppugnanti,
549 3106 632 3168 atque
657 3096 783 3148 laudibus
803 3113 850 3150 eos
868 3095 1019 3148 efferebant
1037 3098 1150 3159 Tuscae,
1168 3096 1315 3158 iactantes,

228 3169 309 3220 etiam
339 3169 446 3220 Servios
469 3167 550 3219 nobis
574 3167 717 3220 adversari.
763 3169 823 3240 quis
848 3168 1062 3219 Christianorum
1084 3166 1237 3235 principum
1267 3174 1316 3220 aut

227 3239 364 3290 Iberorum
392 3241 436 3291 uel
461 3239 611 3290 teruncium
629 3247 677 3291 aut
700 3238 823 3291 homines
846 3238 881 3289 ad
901 3237 974 3289 urbis
993 3238 1123 3290 auxilium
1144 3235 1201 3288 sive
1220 3245 1314 3306 aperte

227 3309 284 3360 sive
303 3309 409 3362 occulte
425 3309 520 3364 misit?
540 3309 661 3379 Hupguri
678 3318 770 3362 tamen
789 3311 891 3378 legatos
913 3308 948 3360 ad
968 3325 1084 3360 anserem
1102 3308 1245 3371 miserunt,
1305 3308 1314 3358 i

226 3381 393 3444 nuntiarent,
412 3397 440 3430 se
459 3382 510 3442 sic,
537 3389 569 3433 ut
589 3381 632 3432 iili
651 3397 711 3432 cum
732 3382 895 3451 imperatore
913 3396 1007 3450 pacem
1028 3388 1057 3431 et
1073 3379 1218 3430 amicitiam
1239 3396 1271 3431 co
1284 3395 1314 3429 e·

227 3458 300 3511 rent,
319 3467 378 3500 cum
396 3451 461 3518 ipsis
478 3467 573 3520 pacem
593 3451 705 3504 iecisse:
728 3469 802 3503 nuuc
829 3468 911 3520 quum
932 3450 974 3503 illi
990 3467 1046 3502 non
1064 3458 1203 3501 servarent
1219 3458 1314 3501 mutua

226 3527 315 3588 pacta,
336 3536 366 3571 se
383 3537 494 3589 quoque
517 3538 610 3591 pacem
628 3523 725 3575 factam
741 3524 852 3574 omnino
880 3520 1041 3591 improbare.
1085 3520 1257 3572 advenerunt
1273 3521 1314 3571 ie·

226 3591 294 3662 goti,
324 3605 405 3662 quum
434 3592 498 3642 turbs
518 3592 705 3655 obsideretur,
728 3611 782 3664 qua
799 3591 972 3643 hebdomade
989 3592 1194 3661 impressionem
1215 3593 1313 3643 facturi

226 3670 311 3712 erant.
348 3677 451 3713 emeras
467 3671 494 3713 et
511 3671 598 3713 totum
617 3664 760 3716 concilium
781 3664 838 3714 eius
855 3662 963 3714 blandis
982 3661 1150 3720 sermonibus
1169 3679 1216 3712 eos
1228 3661 1314 3713 aliae-

226 3732 332 3795 rebant,
349 3739 381 3783 ut
398 3732 427 3782 in
448 3743 616 3798 praesentem
633 3743 680 3785 aut
693 3735 838 3786 crastinum
853 3735 926 3786 diem
941 3749 1098 3801 responsum
1116 3741 1313 3802 exspectarent.

225 3802 326 3854 callide
345 3804 383 3854 ita
403 3802 528 3870 agebant,
546 3803 634 3855 donec
654 3803 790 3867 riderent,
809 3820 863 3873 quo
886 3823 926 3855 res
946 3821 1056 3854 evasura
1074 3811 1152 3864 esset,
1174 3805 1199 3854 si
1219 3803 1314 3854 urbem

225 3876 369 3942 cepissent,
389 3873 502 3935 dicturi,
529 3891 558 3925 se
582 3892 640 3927 earn
660 3891 843 3944 expugnasse:
871 3876 913 3926 iili
941 3874 1065 3937 abirent,
1092 3882 1120 3925 et
1139 3882 1231 3925 utrum
1251 3875 1314 3943 ipsis

224 3944 375 4009 videretur,
395 3945 525 4006 fecerent,
544 3947 600 3997 sive
619 3962 710 4016 pacem
729 3947 784 3997 sire
802 3945 905 3997 belium
925 3945 1052 3997 mallent:
1071 3944 1100 3996 id
1119 3943 1194 4013 quod
1212 3945 1315 3995 sactum

225 4023 255 4064 st
275 4016 369 4083 legatis
386 4031 541 4086 responsum
561 4026 611 4067 est.
657 4017 680 4068 si
705 4033 763 4067 eam
781 4032 836 4068 non
854 4018 959 4086 capturi
986 4024 1083 4076 esseut,
1102 4015 1193 4066 dicere
1210 4023 1315 4066 statue·

212 4093 294 4146 ¹rant,
312 4086 349 4137 ob
368 4103 461 4157 pacem
480 4089 608 4141 cumillis
626 4087 783 4139 servantiam
795 4103 823 4139 se
843 4086 979 4140 destitisse
998 4086 1099 4138 abeiio
1119 4095 1147 4137 et
1164 4085 1314 4138 secundum

225 4165 356 4212 conuenta
374 4157 534 4214 discessisse.
572 4176 662 4214 rsasuor
683 4167 775 4214 tamen
800 4167 866 4224 erat,
886 4175 1001 4214 emerem
1022 4158 1139 4229 cogitare
1158 4155 1310 4220 aedicere,
