2724 5114
170 620 226 680 un
243 598 614 681 ruisssuomeeusi
629 607 797 674 exuuio
815 603 1042 671 ninnium.
1070 573 1158 687 489

69 764 207 851 τοένδρός
228 765 445 851 ἐστερήμεθα,
466 760 566 844 μόνου
583 762 840 846 περιλειφθέντος
861 759 896 822 έν
912 754 1066 830 τοιούτοις
1086 777 1159 817 και.

69 874 140 953 ρσῖς
169 863 225 929 καί
248 861 405 940 τοσούτοις
435 862 579 944 ἀνιαροῖς
618 863 663 934 εἰς
696 858 908 943 παραμύθιον.
959 853 1076 928 πιόντες
1095 852 1219 936 γὰρςςε

69 963 178 1048 εόσπερ
197 964 268 1028 τινα
292 963 428 1043 δύναμιν
450 959 582 1044 ζωτικὴν
602 964 635 1023 έν
664 958 739 1043 ἡμῖν
762 957 946 1038 ένσμιζομεν
965 957 1082 1031 τοῦτον,
1105 955 1161 1017 κοτέ

68 1062 130 1148 την
153 1059 299 1144 τελευτην
318 1060 437 1126 ἐκείνου
456 1060 557 1142 μηδὲν
585 1051 662 1123 ύλλσ
682 1059 820 1136 νομιζειν
847 1052 973 1135 εἴχομεν
993 1048 1014 1135 ἢ
1032 1054 1086 1134 τῆς
1106 1053 1158 1135 ἐφ’

35 1163 156 1246 ξιῆμᾶς
176 1163 235 1226 τού
266 1163 345 1226 θεοῦ
366 1157 564 1242 δικαιοτάτης
584 1159 731 1232 παιδειάς
757 1149 824 1220 οἷον
842 1158 1017 1235 προοίμιον.
1065 1152 1157 1216 τούτο

66 1264 134 1326 τοόν
152 1266 310 1325 κατειπεῖν
329 1255 492 1345 ᾑρημένων
506 1259 626 1320 ἐκείνου
640 1257 837 1341 σαφέστατος
849 1249 986 1335 ἔλεγχος,
1008 1247 1062 1313 καί
1082 1247 1157 1324 τούς

66 1360 197 1424 α’δικέαν
216 1364 285 1422 κατ’
306 1355 426 1421 ἐκεῖνον
447 1356 617 1430 λαλοῦντας
650 1351 700 1420 ότι
730 1351 775 1437 μη
798 1355 971 1436 προδοσίαν
991 1352 1156 1430 ἐσκέψατο,

65 1460 151 1541 μηδέ
172 1457 235 1522 τύν
254 1458 348 1543 σφίσι
360 1457 533 1533 δοκούντων
552 1457 715 1530 συνιέντας
728 1455 919 1536 βαθύτερον,
941 1452 1070 1524 ένδύιως
1087 1451 1157 1514 ἐπι.

66 1558 219 1638 στομῖζει.
262 1550 351 1636 οἶμαι
373 1555 435 1638 γὰρ
458 1549 535 1639 ε’γύ,
570 1558 673 1633 δεῖξαι
695 1552 863 1636 βουληθεές
882 1551 898 1614 ό
919 1547 994 1626 θεὸς
1014 1541 1078 1622 σόος
1094 1551 1157 1629 μέν

17 1655 85 1728 sod
104 1653 191 1738 ἱερός
212 1658 329 1729 ἐκεῖνος
361 1653 438 1738 α’νηρ
466 1654 522 1717 καί
540 1655 632 1718 τόνων
652 1647 737 1731 ἄξιος
761 1646 822 1734 η’ν,
854 1645 916 1716 οἷοι
937 1652 966 1713 δ’
986 1648 1078 1732 ἡμεῖς
1100 1649 1156 1711 καί

66 1757 157 1828 τίνας
189 1756 420 1836 εἰσπραχθῆναι
450 1756 540 1828 δι’κας
571 1753 684 1817 διἰιαιοι
708 1744 807 1833 η’μεν,
830 1749 882 1814 διό
907 1752 998 1817 τοῦτο
1019 1747 1057 1816 τό
1079 1751 1153 1809 καθ’

64 1848 216 1937 ἓκύτερον
235 1858 331 1935 μέρος
352 1849 450 1927 οὕτως
470 1852 648 1939 ιμ’κονόμησε
669 1844 903 1936 συμφερόντως.

152 1950 193 2016 δ.
240 1950 360 2017 Τούτου
382 1945 437 2015 σύν
456 1954 512 2016 τού
535 1954 659 2027 δεινσύ,
682 1952 736 2033 τῆς
756 1951 903 2031 τελευτῆς
923 1951 1042 2016 ἐκείνου
1063 1951 1157 2032 φημέ,

68 2052 336 2136 προστεθειμένου
367 2059 433 2125 τοῖς
455 2043 583 2134 ἄλλοις,
616 2049 671 2114 κατ’
696 2047 818 2114 πόντων
843 2053 907 2113 τύόν
933 2051 967 2114 έν
987 2052 1027 2136 τῇ
1049 2047 1156 2127 πόλει,
1262 2103 1264 2108 .

20 2150 196 2234 ιὸύνδρυόν
215 2153 373 2233 γυναικοῖν
397 2154 520 2215 παίδων
539 2151 688 2216 Λατίνων
706 2171 740 2215 τε
768 2152 823 2214 καί
848 2147 952 2213 αύτοόν
974 2148 1156 2226 Ἰουδαίων,

67 2249 214 2325 ἐλεειναῖς
249 2246 330 2330 πρός
360 2243 516 2332 ἀλλήλους
537 2245 770 2328 δισμιλυύντων,
791 2245 850 2311 κατ’
867 2244 905 2312 τὰ
924 2250 984 2326 μὲν
1005 2241 1073 2310 ἄλλ’
1094 2240 1155 2309 ὅσα

65 2344 197 2424 τούτους
218 2349 321 2426 ἐπίεζε
352 2349 496 2431 δηλονότι
526 2352 568 2434 τῇ
596 2346 677 2434 λη’θη
702 2345 991 2429 παραπεμπόντων,
1018 2345 1077 2428 την
1099 2347 1157 2408 τού

65 2449 217 2527 ποιμένος
237 2449 273 2512 δὲ
292 2447 439 2532 πέρησεν
459 2443 514 2510 ins*
526 2450 601 2509 νούν
613 2445 837 2527 λαμβανόντων
858 2447 913 2507 κατ’
925 2448 1064 2524 συνεχῶς
1078 2464 1156 2527 προ·

67 2541 251 2630 φερόντων,
279 2550 336 2629 τῆς
360 2549 421 2611 τού
439 2549 524 2610 θεοῦ
545 2569 579 2610 τε
600 2547 757 2626 παιδειάς,
778 2543 822 2619 σός
843 2537 1001 2627 προύιηην,
1024 2541 1080 2604 κατ’
1099 2545 1156 2623 τῆς

21 2646 270 2729 αογεγενημένης
291 2646 439 2723 ἁλύσεως
460 2648 515 2710 καί
532 2641 684 2727 λεγόντων
703 2652 832 2728 σημεῖον
844 2647 936 2707 τοῦτο
954 2641 1010 2705 κατ’
1029 2654 1219 2707 neuneu-326

66 2745 173 2825 όντων,
195 2782 236 2795 -
250 2741 352 2820 σύτως
371 2740 428 2810 σύν
447 2744 669 2825 διατεθέντων,
691 2746 748 2807 καί
768 2743 875 2826 ύλιηιυυ
898 2737 937 2825 δή
955 2763 1038 2818 τινος
1058 2742 1092 2805 έν
1112 2742 1157 2827 τηῖ

139 2966 165 3003 2.
183 2954 223 3013 eis
239 2954 322 3005 ond
398 2954 436 3007 st.
454 2956 566 3010 rosir'd

67 3139 117 3208 qui
140 3138 214 3189 eolus
231 3139 410 3193 afflictissimis
431 3141 505 3194 hisce
522 3143 687 3212 temporibus
707 3146 734 3196 in
753 3146 833 3198 tontis
852 3161 937 3196 rerum
954 3138 1156 3195 discriminibus

67 3209 195 3262 solatium
215 3220 386 3275 remanserat,
405 3230 496 3265 onmes
511 3214 645 3284 siquidem
661 3233 720 3267 eum
742 3218 781 3267 uti
797 3216 904 3267 vitalem
923 3216 952 3265 in
969 3213 1049 3266 nobis
1069 3211 1156 3261 facui-

22 3307 26 3317 «
67 3289 154 3333 estem
176 3281 377 3348 reputabamus,
396 3284 525 3368 illiusque
545 3296 657 3336 mortem
677 3286 861 3338 tantummodo
879 3285 1042 3336 ducebamus
1060 3283 1156 3332 adver-

67 3367 115 3402 sus
135 3367 184 3401 nos
202 3351 363 3404 iustissimae
382 3356 500 3406 numinis
524 3355 676 3423 punitionis
700 3357 847 3409 exordium.
883 3354 935 3406 hoe
953 3373 1000 3407 eos
1020 3352 1158 3417 redarguit

65 3421 239 3489 apertissime
267 3425 312 3491 qui
339 3423 450 3491 indigns
475 3424 547 3476 dictu
571 3428 600 3476 in
616 3443 675 3477 eum
703 3430 832 3496 ingerunt
855 3435 882 3477 et
899 3426 1010 3477 intumis
1034 3430 1156 3482 onerant,

65 3488 144 3562 qnod
161 3490 344 3559 proditionem
362 3512 416 3545 nou
442 3498 563 3558 suaserit,
580 3505 609 3548 et
631 3497 706 3565 quod
727 3515 773 3550 eos
794 3497 911 3568 propriis
928 3496 1056 3556 consitiis,
1076 3494 1158 3545 attius

64 3560 210 3630 quidpiam
229 3563 392 3627 meditatus,
410 3566 468 3617 iure
488 3569 654 3634 represserit.
690 3572 787 3638 opinor
800 3567 925 3639 equidem
945 3583 1002 3635 ego,
1021 3583 1079 3616 cum
1098 3566 1157 3614 vei-

65 3633 109 3683 iet
127 3631 194 3682 deus
224 3643 256 3684 ut
278 3635 404 3687 omnibus
423 3636 608 3689 innotesceret
625 3639 686 3707 quis
704 3642 744 3689 vir
767 3641 815 3691 ilie
833 3656 907 3690 secer
934 3645 1005 3690 esset
1034 3646 1062 3688 et
1087 3652 1159 3706 quo-

65 3701 265 3784 rumtdiguus,
294 3707 341 3774 qui
369 3722 432 3757 vero
451 3724 500 3758 uos
521 3716 548 3759 et
578 3708 677 3778 quibus
695 3712 791 3778 poenis
809 3710 937 3770 obnoxii,
955 3707 1055 3777 quibus
1076 3709 1158 3758 mise-

64 3773 114 3855 riis
133 3781 204 3825 ruste
221 3776 403 3839 excruciandi,
423 3776 453 3828 id
468 3787 580 3847 propter
597 3795 640 3830 res
659 3780 799 3852 utriusque
818 3782 846 3832 in
862 3796 917 3832 rem
936 3781 1043 3850 utrique
1064 3778 1157 3848 dispo-

64 3858 162 3894 suisse.
567 3865 570 3871 ¹

139 3913 164 3978 ό.
201 3915 298 3985 Itaque
316 3923 372 3967 tam
389 3914 448 3968 diro
467 3917 548 3980 malo,
566 3917 644 3970 obitu
662 3937 759 3990 nempe
776 3921 859 3982 iliius,
876 3921 973 3973 ceteris
993 3918 1108 3979 adnexo,
1130 3925 1158 3968 et

62 3983 194 4066 ompibns
214 3985 243 4036 in
270 3986 378 4038 civitate
398 3988 462 4039 viris
488 3989 647 4041 mulieribus
666 3993 767 4059 pueris,
784 3993 904 4053 Latinis,
924 3991 1031 4042 ludaeis
1049 4003 1158 4059 quoqne

63 4069 152 4123 rpsss,
183 4055 364 4108 miserendum
385 4058 414 4110 in
444 4058 555 4110 modum
579 4076 729 4112 sermonem
760 4061 980 4123 conserentibus,
1009 4059 1159 4126 etreliqua

62 4125 157 4176 omnin
185 4140 256 4208 quse
285 4142 330 4177 eos
357 4135 415 4179 tum
445 4129 598 4196 affligebant
625 4148 640 4182 e
664 4135 792 4184 memoria
812 4133 1027 4202 deponentibus,
1045 4127 1160 4198 postoris

61 4195 137 4247 tenti
158 4196 338 4263 privationem
361 4198 388 4247 iu
415 4209 532 4249 mentem
560 4202 748 4255 revocantibus
768 4213 796 4255 et
816 4205 925 4272 saepius
942 4199 1159 4271 proferentibus,

62 4266 321 4335 asserentibusque,
351 4269 453 4319 utinm
472 4270 567 4333 innui,
587 4281 615 4324 et
643 4289 698 4325 non
718 4283 820 4326 temere
838 4272 1012 4324 credentibus
1029 4269 1160 4321 indicium

63 4333 137 4387 iilud
156 4351 214 4387 esse
236 4346 264 4388 et
282 4337 390 4389 divinae
411 4340 562 4406 punitionis
583 4352 611 4393 et
639 4344 774 4397 subsecuti
797 4342 913 4405 excidit,
937 4341 1004 4403 hoc,
1030 4342 1161 4411 inquam,

64 4414 247 4467 staturosum,
265 4424 324 4459 eum
338 4408 471 4460 modicum
487 4418 593 4479 tempus
612 4413 719 4465 interim
738 4414 920 4484 processisset,
942 4414 970 4462 in
989 4413 1065 4481 peius
1079 4428 1161 4480 quum

62 4484 148 4531 nutes
168 4493 246 4530 ruere
267 4480 358 4532 omnis
369 4514 378 4544 ,
395 4497 491 4550 migne
518 4484 643 4535 contusio
669 4486 773 4539 animos
797 4499 940 4555 occupare,
961 4500 1020 4536 cum
1040 4482 1093 4535 aiis
1112 4482 1160 4534 ulii
