2844 5092
498 550 586 636 tre.
609 570 663 629 ιιι.
693 565 784 631 σιν.
802 568 859 631 ιιι.
1145 537 1223 624 251

139 709 299 789 στενάζων
326 713 361 776 ἐκ
390 713 541 796 καρδίας,
569 714 686 789 καπνὸς
715 714 750 779 ἐκ
769 717 825 778 τοῦ
850 709 1006 795 πόματος
1035 717 1137 781 ου’τοῦ
1162 717 1273 792 ἐξέ.56
1308 744 1309 747 “

140 814 248 889 βαινε·
310 809 364 875 καί
397 814 548 894 ἐλογίζετο
589 818 624 876 τί
658 811 725 878 ἔδει
762 816 911 896 ιιοιήσσι,
952 816 1005 878 ἵνα
1042 813 1101 897 τήν
1140 814 1232 879 τιόλιν

142 914 249 972 τιλεΐον
271 909 372 998 θλίιμη
394 910 448 974 καί
477 909 700 999 στενοχωρήση
726 917 781 976 καί
800 911 853 976 διά
876 909 1040 997 θαλάσσης
1061 915 1117 978 κατ’
1137 917 1234 998 ξηρᾶς

141 1005 199 1089 τήν
221 1012 404 1087 πολιορκίαν
424 1012 522 1096 δαίσῃ.
578 1013 633 1074 καί
657 1010 805 1094 τοιαύτην
834 1013 986 1093 ἐλογιζετο
1009 1010 1161 1095 μηχανήν,
1184 1013 1237 1075 ἵνα

115 1106 237 1191 ὅμέρος
265 1112 323 1172 τοῦ
358 1106 468 1174 στόλου
504 1111 636 1198 εἰσφέρῃ
671 1107 732 1174 ἔσω
767 1112 825 1174 τοῦ
857 1113 992 1190 λιμένος.
1061 1113 1116 1174 καί
1148 1101 1185 1192 ήν
1218 1107 1236 1173 d

143 1204 230 1288 λόγος
258 1204 361 1282 stuic
389 1212 444 1271 arai
471 1207 507 1272 τὸ
538 1206 647 1292 ἔργον,
669 1211 724 1273 κατ’
745 1211 779 1274 ἐκ
798 1211 854 1273 τοῦ
875 1201 1008 1272 ἔνασθεν
1040 1211 1159 1292 μέρους
1179 1210 1237 1273 τοῦ

143 1308 175 1372 Γ
172 1309 276 1370 αλατοῖ
308 1305 362 1370 διά
386 1310 445 1372 τοῦ
472 1305 572 1392 λόφου
606 1306 683 1373 riddo
713 1311 842 1372 εὐθεῖαν
875 1304 1152 1396 φ’κονόμηοενὲοος
1171 1311 1239 1372 aod

144 1408 270 1485 λιμένος
289 1406 484 1490 ἐρχομένην,
506 1409 562 1472 κατ’
581 1412 689 1474 σανίσι
721 1406 777 1472 καὶ
797 1406 903 1486 ξύλοις
929 1410 1034 1473 πάσαν
1063 1410 1237 1490 κατέστριο·

144 1527 220 1584 σεν,
253 1502 292 1578 ἐς
327 1498 440 1589 ήλειψε
473 1509 606 1581 σανίδας
636 1505 716 1588 μετά
753 1510 880 1585 στέατος
919 1511 1003 1588 βοῶν
1038 1511 1093 1571 κατ’
1119 1511 1236 1590 κριῶν·

99 1605 201 1668 ιοκαέ
220 1595 339 1687 ὄργανα
360 1602 541 1692 ιιολάτροιια
562 1609 654 1690 ἔτερα
675 1605 808 1690 ποιήσας
828 1608 883 1672 καί
892 1605 1048 1692 μηχανάς,
1068 1605 1126 1682 τάς
1147 1604 1237 1688 τριή-
1302 1654 1308 1662 .

146 1726 213 1784 ρεις
242 1707 299 1768 κατ’
330 1702 451 1788 διήρεις
471 1708 504 1769 ἐν
527 1707 653 1794 ειίιιολίηι
674 1699 798 1770 άναιθεν
817 1707 852 1771 ἐν
875 1710 918 1793 τῷ
936 1704 1024 1794 λόφιρ
1049 1704 1150 1789 σάρας
1172 1702 1236 1770 ἔσω

145 1807 180 1866 ἐν
199 1805 242 1888 τῷ
261 1807 363 1883 λιμένι
390 1802 610 1886 καταβιβάσας
641 1803 755 1890 ἔφερεν
783 1803 891 1880 oderit.
944 1809 999 1870 καλ
1032 1798 1123 1888 ἦντὸ
1145 1801 1237 1885 ἔργον

144 1900 336 1982 θαυμαστὸν
356 1903 412 1967 κατ’
431 1903 615 1987 ναυμαχίας
643 1902 847 1989 στρατήγημα
867 1897 1004 1988 άριστον.
1046 1901 1106 1986 ἐγώ
1127 1907 1162 1969 δέ
1183 1909 1237 1967 λο-

144 2004 294 2081 γίζομαι,
329 2000 384 2066 τόν
417 2003 571 2087 Καίσαρα
600 1996 789 2086 Αὔγουστον
812 2000 1031 2096 ἐμιμήσατο,
1051 2000 1127 2069 ὅταν
1156 1998 1235 2084 μετά

99 2101 202 2164 ι5τοῦ
234 2103 402 2166 Ἀντωνίου
434 2099 490 2167 καί
517 2101 727 2188 Κλεοπάτρας
757 2102 912 2187 ἐμάχετο,
950 2101 986 2180 ἐς
1011 2104 1065 2168 διὰ
1096 2100 1149 2167 τὸν
1177 2101 1237 2166 σά-

145 2205 199 2263 λον
219 2202 273 2282 τής
293 2201 458 2284 θαλάσσης
489 2206 545 2267 καί
576 2201 648 2279 τούς
677 2206 837 2278 ἐναντίους
857 2202 993 2284 άνέμους
1017 2203 1075 2267 σέκ
1095 2199 1238 2284 ἐδυνήθη

145 2300 352 2381 περιοδεῦσαι
381 2299 543 2366 κάκλωθεν
569 2306 626 2385 τῆς
654 2303 749 2384 νήσου
776 2306 831 2366 τοῦ
851 2306 1023 2379 Πέλοιιος,
1058 2299 1113 2366 καί
1132 2298 1238 2365 ἐλθών

145 2396 200 2462 διά
223 2400 279 2462 τοῦ
303 2391 442 2478 Ἰσθμοῦ.
462 2398 520 2477 τάς
541 2405 618 2482 νῆας
638 2399 739 2483 σύρας
757 2398 805 2466 ἔτι
822 2398 902 2486 τορός
922 2399 1003 2488 irgine
1021 2405 1074 2482 τῆς
1091 2400 1238 2475 Ἑλλάδος
1279 2435 1287 2447 ‹

144 2497 310 2581 θαλάσσης
328 2502 456 2581 ταχέως,
472 2501 507 2564 ἐν
526 2503 566 2583 τῇ
583 2495 675 2587 Ἀσίρι
696 2500 811 2581 ὁδεύει,
831 2492 852 2582 ή
875 2499 930 2562 καί
947 2496 1002 2563 τάν
1015 2501 1155 2581 Νικητάν
1175 2522 1239 2560 νιο-

94 2599 276 2680 οστρίκιον,
296 2591 370 2662 ὅταν
388 2601 442 2662 καί
460 2594 559 2674 odric
573 2602 608 2664 ἐκ
625 2600 682 2683 τής
697 2600 880 2682 Ἑλλαδικής
900 2596 1064 2680 θαλάσσης
1075 2595 1134 2670 τάς
1148 2592 1238 2680 τριή-

146 2719 214 2777 ρεις
234 2699 267 2760 ἐν
296 2700 336 2784 τῇ
357 2699 469 2785 δυτικῇ
496 2695 638 2781 περάσας
656 2696 731 2773 τούς
751 2701 883 2783 Κρήτας
902 2700 937 2764 ἐν
954 2703 994 2786 τῇ
1014 2692 1159 2783 Μοθώνη
1183 2690 1240 2758 κατ’

146 2792 250 2885 Πάλρι
275 2794 487 2879 ἐτρσιιοάσατο.

226 2894 352 2962 Λοιπὸν
374 2894 392 2960 ὅ
423 2898 549 2981 α’μηράς
576 2894 635 2973 τάς
660 2892 800 2981 τριήρεις
821 2897 923 2982 φέρας
946 2897 981 2960 ἐν
997 2896 1059 2982 μιᾷ
1078 2892 1180 2973 νυκτί,
1203 2894 1238 2959 ἐν

216 3049 241 3101 3.
264 3038 311 3100 διά
331 3047 411 3099 οιαΡ
482 3047 508 3116 4.
529 3041 579 3115 τήν
597 3046 715 3122 ἐμβολήν
740 3047 878 3124 παιήσηΡ
947 3049 973 3101 6.
993 3040 1023 3100 τὸ
1041 3046 1122 3099 omP
1210 3048 1236 3100 8.

217 3124 421 3191 κατερχομένην
434 3116 502 3190 ἄχρι
518 3123 567 3174 τοῦ
584 3122 730 3193 λιμένοςΡ
804 3138 840 3172 ιι.
856 3119 990 3199 μοηήρεις
1004 3119 1120 3186 margoP
1196 3134 1235 3170 ιι.

217 3187 332 3243 ἄνωθεν
349 3192 399 3242 τοῦ
419 3189 511 3261 λόφου
530 3192 618 3263 ου’ρας
646 3197 826 3262 κατεβίβασεν
842 3188 929 3252 αὐτας
947 3188 1030 3245 ἔνδον
1048 3188 1067 3239 Ρ
1197 3190 1236 3256 li·

216 3260 299 3326 ἡνίκα
315 3254 386 3313 κατά
404 3262 422 3313 Ρ

146 3371 233 3424 fumat
250 3389 312 3438 στος
335 3391 365 3425 nc
384 3372 585 3436 meditabatur,
602 3372 669 3444 quid
687 3372 761 3425 taceo
779 3389 846 3442 ορατ
866 3379 946 3435 erret,
969 3378 1001 3423 ut
1017 3370 1111 3421 urbem
1131 3369 1237 3437 gravior

145 3451 255 3511 urgeret
273 3452 301 3494 et
319 3454 455 3513 premeret
478 3452 597 3495 aeterra
616 3453 645 3499 et
661 3444 727 3495 orari
746 3443 893 3496 obsideret.
912 3441 994 3493 talem
1006 3442 1089 3508 igitur
1104 3441 1237 3494 rationem

145 3514 322 3580 excogitavit,
342 3531 395 3584 qua
413 3523 518 3581 portem
537 3515 631 3567 eloesie
650 3514 678 3565 in
696 3523 804 3584 portum
825 3514 978 3572 traiiceret:
1004 3527 1084 3580 quam
1104 3511 1237 3564 rationem

145 3585 237 3635 atatim
261 3584 332 3636 iacto
358 3584 489 3654 probarit.
511 3592 618 3653 atergo
637 3585 752 3637 Gelrtae
777 3593 851 3636 trane
872 3581 969 3634 coliem
997 3584 1066 3631 viam
1084 3589 1184 3633 rectam
1201 3580 1237 3635 ad

144 3664 253 3724 portum
273 3671 359 3776 nappe
387 3657 568 3724 pertinentem
589 3656 663 3717 fucit,
690 3664 830 3725 totamque
851 3651 1148 3722 nreibuetrabibueque
1166 3662 1237 3706 eter-

144 3725 196 3786 uit,
214 3725 311 3794 adipe
332 3744 394 3777 oum
420 3734 450 3778 et
472 3743 613 3778 vervecum
632 3726 779 3795 perunctia.
810 3725 904 3776 muitie
924 3725 1037 3792 inruper
1053 3723 1114 3775 aliia
1134 3724 1238 3776 inctru-

144 3797 244 3847 rnentir
268 3795 453 3866 machinisque
479 3797 546 3849 varii
571 3798 676 3864 generie
702 3796 879 3859 constructis,
907 3795 1030 3846 triremes
1056 3804 1086 3846 et
1111 3794 1237 3860 biremes,

145 3866 222 3917 incili
242 3882 323 3935 opera
344 3868 374 3920 iu
392 3869 490 3920 collem
515 3867 674 3928 cubicetur,
704 3868 731 3918 in
750 3875 859 3935 portum
881 3863 1001 3916 deducit.
1023 3873 1081 3917 eret
1098 3882 1168 3934 ορατ
1185 3867 1239 3918 mi-

145 3936 233 3990 rabile
251 3946 280 3989 et
296 3940 435 3991 nauticum
454 3947 612 4007 strategema
632 3939 777 4007 egregium.
797 3935 923 4007 equidem
942 3937 1083 3998 existimo,
1101 3937 1238 3989 imitetunr

145 4024 208 4059 eum
236 4024 295 4059 erre
316 4007 457 4061 Caesarem
474 4012 642 4078 Augustum,
661 4017 755 4061 contra
773 4009 921 4060 Antonium
949 4015 977 4059 et
997 4007 1164 4076 Cleopatram
1184 4025 1238 4075 pu·
1302 4062 1305 4069 .

144 4085 281 4146 grooten,
300 4081 348 4148 qui
366 4096 448 4150 quum
467 4090 579 4150 propter
595 4081 692 4132 fluctue
712 4081 792 4133 maria
812 4090 840 4132 et
853 4086 947 4131 ventos
966 4076 1237 4144 advereosPriopon·

144 4165 240 4201 nerum
259 4150 486 4219 circumnavigare
513 4169 570 4203 non
587 4160 692 4221 poeaet,
710 4151 824 4203 navibus
843 4160 916 4201 trane
937 4148 1068 4202 Isthmum
1087 4149 1115 4200 in
1134 4156 1237 4216 portem

144 4220 308 4272 orientalem
326 4224 405 4274 marie
419 4223 515 4275 Graeci
533 4222 634 4283 tractio,
654 4223 797 4274 confertim
816 4221 845 4272 in
861 4221 950 4272 Ariana
969 4220 1104 4289 pervenit,
1121 4227 1169 4269 aut
1189 4217 1237 4271 Ni·

145 4300 232 4343 cetam
250 4292 414 4360 patricium,
432 4295 479 4362 qui
499 4300 527 4345 et
548 4294 605 4361 ipee
631 4309 646 4344 e
673 4295 738 4345 mari
765 4293 868 4344 Graeco
896 4293 1020 4342 triremor
1042 4291 1072 4341 in
1101 4288 1237 4341 orientale

145 4362 255 4414 traiecit
270 4371 301 4413 et
317 4363 410 4415 Creten
429 4363 464 4415 ud
483 4361 634 4417 Mothonen
655 4371 684 4415 et
705 4364 798 4429 Pylum
816 4363 844 4413 iu
863 4362 950 4428 sugam
969 4361 1059 4412 vertit.

215 4432 351 4488 'i'rir'emce
370 4434 452 4503 igitur
473 4433 508 4489 eb
524 4451 614 4488 autera
628 4452 681 4489 unu
699 4443 779 4488 nocte
799 4432 965 4504 deportatae,
978 4439 1089 4500 poetero
1108 4445 1188 4485 neue
1207 4431 1236 4486 iu
