2844 5092
195 235 279 340 248
330 217 334 231 ¹
507 265 680 327 osonon
712 260 954 324 runnusznn

189 418 250 498 νῆα
275 415 310 478 ἐκ
335 410 479 493 Σικελίας
509 411 587 492 μετὰ
616 413 703 477 σι’τον
732 411 919 492 ἐρχομένην·
963 413 1018 474 καί
1046 407 1214 492 φθάσασαι
1243 412 1278 474 ἐν

188 517 250 602 μιᾷ
267 514 329 578 τών
349 513 468 577 νυκτῶν
488 509 579 592 ἐγγύς
609 516 665 593 τῆς
686 507 814 591 πόλεως,
835 509 890 585 καί
909 512 954 596 τῷ
976 510 1064 591 πρωῒ
1079 505 1195 581 ἰδόντες
1217 509 1279 570 ov'-

188 614 244 688 τάς
264 611 298 676 αἱ
328 607 537 695 ἦμερὸσκοποι
566 609 704 693 τριήρεις
727 611 784 673 τού
810 604 935 693 άμηρᾶ,
957 609 1012 671 κατ’
1030 608 1064 671 ἐκ
1088 611 1146 671 τού
1166 603 1277 687 ἐτέρου

188 714 301 778 στύλον
322 714 419 793 μέρος
437 707 516 773 πολύ
547 712 614 773 κατ’
637 711 739 773 αύτών
765 704 918 792 ώρμησαν
939 706 1016 787 μετὰ
1042 705 1144 789 πάσης
1162 709 1278 788 χαράς,

128 837 132 847 ’
187 810 269 893 μετὰ
298 805 470 891 τυμπάνων
499 811 554 872 καί
582 809 752 892 κερατίνων
774 810 952 889 σαλπίγγων
974 809 1167 889 κροτοῦντες,
1190 808 1308 872 sini-5

189 912 295 988 ζοντες
314 912 349 974 ἐν
370 908 496 995 εύκολῖρ
518 907 613 972 τάσδε
636 907 693 981 τὰς
716 911 795 989 νῆας
813 910 1014 990 σαγηνεύσαι.
1067 905 1111 981 ώς
1132 907 1168 968 δὲ
1190 898 1277 988 ἤγγι-

187 1034 249 1074 σαν
270 1009 326 1072 κατ’
355 1003 407 1072 τὸν
428 999 578 1087 πόλεμον
591 1006 720 1091 άνῆψαν
739 1010 796 1070 κατ’
815 1007 1062 1088 άκροβολῖζοντο,
1085 1009 1118 1068 ἐν
1138 1004 1277 1087 πρώτοις

186 1102 287 1192 ἦλθον
303 1106 381 1172 κατά
398 1109 452 1189 τῆς
466 1111 631 1188 βασιλικῆς
645 1105 718 1188 νηὸς
731 1104 813 1187 μετά
836 1108 1011 1193 ἐπῃρμένης
1032 1096 1172 1188 ύφρύος·
1196 1101 1216 1186 ἦ
1241 1107 1278 1168 ύέ

186 1212 267 1283 ναύς
282 1210 315 1270 ἐκ
330 1209 385 1292 τῆς
400 1203 524 1288 πρώτής
537 1202 799 1287 προσβολῆςμετά
816 1203 1020 1285 ἐλεβολῖσκων
1037 1205 1092 1266 κατ’
1110 1207 1211 1284 βελών
1223 1207 1280 1269 κατ’

185 1309 307 1390 πετρών
328 1308 431 1378 κακώς
452 1302 638 1380 ἐδεξιώσατο
662 1303 785 1378 αύτούς.
813 1303 869 1367 καῖ
888 1300 1031 1377 ἐλθόντες
1051 1312 1120 1376 ταῖς
1133 1305 1276 1385 πρώραις
1292 1331 1331 1369 ιο

186 1404 391 1469 ὑποκάτωθεν
408 1406 463 1486 τῆς
485 1399 576 1485 νηός,
596 1401 693 1466 αύτοέ
713 1404 747 1466 δέ
774 1400 852 1482 μετά
874 1401 1000 1484 χύτραν
1020 1406 1278 1483 κατασκεναομέ·

185 1529 248 1568 νων
265 1505 415 1584 τεχνικῶς
435 1505 514 1583 πυρὶ
534 1500 619 1588 ὑγρῷ
646 1504 700 1565 κατ’
720 1506 844 1581 πετρών
865 1500 958 1564 πάλιν
979 1499 1096 1574 αύτούς
1115 1502 1280 1582 μακρόθεν

187 1599 401 1681 α’πεμπύιΐιζον
426 1597 479 1663 διά
494 1596 538 1685 1τύ
559 1602 705 1682 γίνεσθαι
726 1597 823 1663 πολύν
845 1596 941 1683 φόνον
956 1604 1025 1662 κατ’
1041 1599 1166 1674 αύτούς.
1188 1596 1280 1684 ἡμεῖς

188 1705 223 1766 δὲ
254 1703 288 1765 ἐκ
316 1704 380 1764 τών
408 1701 522 1780 τειχῶν
552 1690 675 1762 ἄνωθεν
703 1702 803 1763 ταῦτα
829 1702 1025 1781 θεωροῦντες
1047 1697 1280 1783 ἐύεόμεθαμού

160 1802 269 1865 rusori
290 1801 418 1881 ἐλεῆσαι
442 1797 560 1871 αύτούς
580 1797 636 1861 καέ
657 1795 749 1880 ἡμᾶς.
799 1794 915 1878 ὁμοίως
939 1793 1010 1861 riti
1036 1799 1160 1880 άμηριῖς
1182 1797 1330 1883 ipra-15

187 1922 246 1975 πος
265 1894 362 1973 ἑστώς
396 1895 472 1960 κατὰ
501 1894 557 1971 τάς
584 1893 683 1971 άκτιὶς
712 1899 766 1978 τῆς
788 1899 951 1979 θαλάσσης
978 1899 1111 1980 ἐθεώρει
1132 1896 1171 1961 τά
1194 1895 1282 1980 γινό-

188 2021 277 2079 μενα.
328 2001 382 2060 καί
406 1992 500 2058 πάλιν
521 1997 555 2059 ἐκ
580 1994 687 2079 ’τρίτον
709 1997 997 2078 ἐμακροβολιζοντο,
1019 1991 1085 2060 εἶτα
1109 1996 1204 2061 πάλιν
1222 2003 1281 2062 θέ·

189 2103 292 2172 λοντες
311 2077 468 2179 σορρῆξαι
489 2096 598 2170 αύτοῖς
619 2092 696 2175 μετά
719 2098 896 2182 ἐπῃρμένης
916 2092 1038 2180 ύφρύος
1058 2100 1113 2161 καῖ
1131 2095 1281 2180 μεγάλων

133 2230 135 2237 ν
189 2195 399 2279 α’λαλαγμών·
447 2193 475 2260 oi
504 2198 540 2259 δὲ
561 2191 730 2278 ναύκληροι
761 2194 816 2257 καί
836 2199 1026 2279 κυβερνῆται
1047 2195 1101 2260 κατ’
1123 2197 1281 2279 ναύαρχοι

188 2290 418 2378 dispecturum*
437 2289 610 2379 ῥωμαλέως
633 2297 812 2374 σταθέντες,
835 2292 908 2368 τούς
930 2299 1048 2368 ναύτας
1067 2295 1332 2379 παραθαρρύ-αο

189 2417 295 2470 ναντες
325 2394 498 2457 ἀποθανεῖν
531 2395 653 2472 μᾶλλον
681 2387 704 2476 ἢ
726 2395 799 2475 ζῆν,
832 2396 887 2457 καὶ
914 2391 1053 2474 μάλιστα
1076 2393 1093 2459 o‘
1115 2396 1282 2478 νανάρχης

187 2496 242 2574 τῆς
271 2495 436 2575 βασιλικῆς
474 2489 548 2577 νηύς
574 2485 712 2574 τούνομα
744 2495 966 2567 Φλαντανελιῖς
997 2496 1031 2557 ἐκ
1062 2491 1205 2577 πρύμνης
1234 2500 1281 2571 εἰς

188 2590 320 2679 πρώραν
340 2591 543 2687 θινρχύμενος
561 2597 616 2656 καῖ
635 2591 678 2667 ώς
699 2594 779 2656 λέων
798 2590 979 2674 μαχόμενος
993 2596 1049 2657 κατ’
1066 2605 1187 2680 φωναῖς
1204 2593 1282 2672 τούς

263 2816 285 2851 s.
303 2799 412 2864 νῆανΡ
503 2800 530 2850 ³.
548 2797 641 2873 ἑτέρου
659 2801 738 2852 omP
827 2802 852 2852 5.
870 2805 918 2855 καὶ
935 2803 1018 2854 omP
1085 2822 1110 2873 φ
1130 2806 1281 2873 τηλιβύλων

260 2875 309 2922 καὶ
327 2870 525 2940 τηλεβολῖσκων
549 2870 568 2920 Ρ
628 2887 665 2922 ιο.
686 2871 808 2933 ἐξώσατο
826 2873 845 2923 P
924 2876 963 2926 18.
981 2873 1118 2946 ουρράξοιι
1135 2878 1161 2939 P,
1180 2877 1280 2928 omisso

260 2938 354 2998 αὐτοῖς
424 2956 467 2990 20.
487 2941 668 3002 ναοτῖλουςΡ
748 2957 790 2993 οε.
810 2943 1022 3012 φλατανέλαςΡ
1111 2946 1153 2998 23.
1172 2950 1221 2999 καὶ
1241 2946 1282 3007 ώς

259 3013 330 3067 λέων
345 3010 508 3084 μαχόμενος
525 3028 569 3063 om
586 3010 606 3062 Ρ

189 3189 243 3261 qus
267 3192 351 3244 classe
377 3210 459 3244 noves
485 3210 541 3244 non
559 3209 661 3262 paucae
679 3210 739 3244 eum
756 3193 871 3256 irretitis,
895 3202 1083 3264 tympanorum
1102 3204 1131 3249 et
1149 3214 1281 3250 cornuum

189 3264 313 3332 strepitu,
331 3265 443 3315 incitato
454 3280 541 3324 eursu,
560 3272 653 3314 contra
664 3264 796 3328 seruntur,
815 3265 892 3316 nullo
906 3265 998 3317 labore
1015 3284 1059 3318 ros
1072 3285 1151 3318 naves
1164 3286 1179 3317 a
1192 3285 1222 3319 se
1234 3270 1283 3321 in-

187 3341 336 3402 terceptum
348 3335 379 3384 iri
399 3336 533 3403 opinatos.
551 3353 634 3404 quum
644 3337 907 3407 appropinquassent
918 3345 945 3388 et
958 3355 1073 3405 pugnum
1085 3341 1283 3393 commisissent

187 3403 348 3463 iaculando,
374 3406 496 3472 inprimis
514 3407 713 3473 imperatoriam
732 3424 826 3458 noveru
850 3406 993 3476 superbius
1012 3407 1189 3474 udortisunt;
1208 3428 1281 3480 quse

188 3473 279 3525 tumen
300 3489 345 3524 eos
364 3477 449 3542 primu
467 3476 571 3544 impetn
589 3477 703 3539 iaculis,
722 3478 797 3540 telis,
822 3479 892 3528 soris
910 3479 981 3529 maie
998 3481 1119 3547 excepit3
1138 3497 1280 3551 quumque

180 3544 275 3613 proris
293 3559 352 3611 eom
369 3544 523 3609 subiissent,
544 3547 586 3596 iili
608 3563 655 3599 eos
672 3547 779 3599 eminus
798 3549 861 3599 otiis
880 3548 1057 3616 igneGrasoo
1075 3549 1145 3601 bene
1164 3553 1281 3620 repletis

187 3624 271 3684 utque
289 3614 359 3666 suxis
377 3615 581 3682 prohibuerunt,
599 3618 734 3686 magnoin
753 3635 799 3669 eos
811 3627 899 3685 strage
910 3619 991 3671 edita.
1004 3637 1053 3671 nos
1066 3619 1132 3672 hoec
1151 3621 1186 3673 de
1202 3640 1282 3675 moe·

187 3685 267 3736 nibus
285 3692 453 3754 spectantes.
471 3686 523 3736 deo
542 3704 634 3754 preces
655 3689 828 3750 faciebamus,
848 3698 878 3740 ut
898 3690 1016 3758 ipsorum
1035 3693 1175 3761 nostrique
1192 3694 1282 3744 mise·

187 3764 300 3808 reretur.
312 3756 436 3806 similiter
445 3773 556 3818 unrsras,
569 3774 639 3827 equo
651 3758 783 3821 insidens,
796 3775 810 3809 s
822 3759 913 3823 litore,
925 3778 995 3830 quae
1006 3761 1116 3825 fiebant,
1126 3764 1282 3832 prospicis.

187 3825 243 3878 bat.
263 3828 371 3897 iamque
387 3827 497 3878 tertium
513 3828 673 3891 iaculantur,
693 3828 818 3899 fastuque
829 3830 927 3898 turgidi
942 3843 969 3885 et
983 3849 1079 3899 magno
1095 3833 1213 3885 clamore
1231 3851 1280 3889 eos

108 3949 110 3952 ,
186 3898 327 3950 invadunt.
348 3906 376 3949 st
392 3897 521 3957 naucleri,
542 3898 746 3965 gubernatores,
764 3899 895 3951 uosrnrchi
916 3903 988 3953 virili
1008 3904 1099 3954 animo
1118 3911 1146 3955 et
1164 3903 1280 3958 robusto

186 3977 297 4035 pectore
316 3976 432 4030 stantes,
451 3976 546 4019 nautas
564 3967 741 4021 cohortantur
761 3970 795 4022 ad
812 3980 926 4023 mortem
947 3975 1018 4025 vitoe
1039 3975 1279 4043 anteponendam,

185 4039 308 4106 inprimis
334 4040 522 4108 imperatoriae
546 4040 621 4091 novis
647 4040 812 4104 nauarchos,
840 4041 1030 4095 Phtantaneius
1049 4047 1174 4107 nomine,
1194 4047 1243 4115 σοὶ
1262 4065 1279 4099 e

184 4110 270 4180 puppi
287 4109 322 4161 nd
341 4127 447 4181 proram
465 4111 613 4181 processit,
639 4111 728 4165 leonis
746 4112 831 4167 instar
849 4111 990 4168 decertans
1014 4122 1044 4167 et
1064 4116 1184 4188 reliquos
1202 4119 1280 4175 roei-
