2760 5092
196 253 280 341 280
517 280 690 346 ononou
719 278 961 345 mutumne

277 432 350 497 Καί
360 427 482 512 α’ναβύς
502 431 554 515 ἐφ’
574 434 672 495 innuo
692 427 864 513 ἐξήλθομεν
887 432 951 492 τῶν
963 426 1140 508 α’νακτύριον
1159 446 1285 510 περιτρ-
1321 408 1325 423 ¹

189 531 320 615 χόμενοι
342 529 381 596 τὰ
402 534 504 614 τείχη,
518 533 570 595 ἵνα
591 528 666 606 τούς
679 528 824 615 φύλακας
845 529 1046 611 διεγείραμεν
1065 522 1144 610 πρὸς
1161 524 1198 591 τύ
1218 551 1284 612 φο.

189 627 314 696 λύττειν
335 625 511 714 α’χρύτινως.
553 623 636 713 ἦσαν
658 631 694 694 di
704 626 820 704 πάντες
839 625 894 693 ἒτιί
907 634 973 702 τοῖς
988 629 1107 707 τείχεσι
1127 627 1183 690 καί
1202 624 1286 707 σύρ-

189 754 256 813 χοις
276 730 315 817 τῇ
335 730 424 794 νυκτί
443 727 567 816 ἐκείνῃ·
619 730 675 794 καί
695 726 730 793 αἱ
751 724 851 792 πύλαι
880 730 982 792 πᾶσαν
1001 718 1083 809 ἦσαν
1105 729 1284 804 κεκλεισμέ-

189 853 241 893 ναι
261 823 510 914 ἀσφαλέστατα,
533 831 577 893 δι’
594 819 638 894 ὧν
653 830 694 891 ου’
708 827 844 893 dovario
865 821 904 914 ἦν
924 827 1063 906 ἐξελθεῖν
1082 825 1151 889 τινὰ
1174 820 1196 910 ἢ
1217 827 1312 892 εἰσ-5

184 933 305 998 ,ελθεῖκ
356 924 399 1002 οἷς
421 930 457 991 δὲ
478 917 617 1012 ἤλθομεν
645 929 680 995 ἐν
698 936 764 1002 τοῖς
784 925 994 1010 Καλιγαριόις
1014 919 1082 1013 oinos
1105 924 1211 1011 προύτῃ
1226 928 1283 1008 τῆς

189 1026 461 1113 οἶλεκτροφοονίας,
482 1030 641 1103 κατιόντες
664 1030 726 1092 τῶν
746 1031 850 1091 ἳππων
863 1026 1044 1110 ἀνήλθομεν
1057 1025 1103 1098 εἷς
1123 1023 1177 1087 τὸν
1200 1021 1283 1106 τιύρ-

186 1148 253 1207 γον,
275 1128 332 1189 καί
349 1121 530 1210 ἠκούσαμεν
547 1129 673 1210 σοχνῶς
695 1120 818 1206 ὅμίλεῖν
831 1125 887 1189 καί
899 1122 1039 1207 θόρυβον
1058 1125 1158 1204 μέγαν
1179 1129 1282 1186 ποιεῖν

187 1220 308 1302 ἔξωθεν
336 1224 533 1307 ἐπιτήδειον,
562 1228 619 1290 καί
645 1219 732 1290 εἶπον
752 1223 829 1309 ἡμῖν
849 1221 887 1288 οἱ
908 1222 1048 1310 φύλακες
1068 1217 1117 1288 ὅτι
1139 1223 1180 1285 ds'
1206 1215 1282 1303 ὅλης

186 1325 240 1406 τῆς
261 1321 372 1398 νυκτὸς
392 1317 495 1398 οὕτως
510 1328 675 1389 ποιοῦσιν·
719 1316 802 1408 ἦσαν
821 1319 883 1408 yde
901 1323 1066 1406 σύρνοντες
1083 1319 1122 1386 τύ
1136 1313 1197 1384 ὅσα
1216 1322 1281 1383 τῶν
1295 1343 1332 1385 re

188 1420 329 1504 ύρχύνονν
352 1422 431 1506 πρὸς
452 1426 663 1506 τειχομαχίαν
683 1423 881 1508 ἡτοίμασται,
907 1426 1059 1507 φέροντες
1079 1419 1164 1484 oded
1186 1415 1282 1501 ἐγγύς

186 1526 243 1588 τοῦ
262 1521 450 1607 ὀρύγματος.
495 1525 550 1587 ε’τιί
579 1521 704 1599 τούτοις
731 1520 919 1588 σαλεύονται
950 1523 1007 1584 καί
1032 1523 1095 1586 τοῖν
1116 1518 1219 1603 ἤύνων
1238 1515 1279 1581 τοὶ

186 1625 320 1706 μέγιστα
340 1623 403 1687 τῶν
427 1621 608 1687 οἷντινιύλων
626 1623 745 1709 σκάφη,
769 1624 826 1685 καί
839 1619 874 1686 αἶ
893 1617 1033 1705 τριήρεις
1051 1620 1107 1683 καί
1127 1615 1162 1683 αἱ
1180 1621 1282 1704 νίφο-

187 1746 244 1804 ραι
264 1723 299 1786 ἐν
323 1723 367 1807 τῷ
386 1727 488 1801 λιμένι
502 1730 569 1796 τοῖς
584 1719 704 1803 τείχεσι
726 1722 781 1783 καί
791 1728 863 1812 ταῖς
883 1721 993 1794 α’κταῖς
1014 1717 1281 1804 αροσαελύζοοσι.
1310 1738 1322 1753 ·

165 1819 263 1905 Ιτιερί
282 1821 318 1884 δὲ
340 1823 491 1901 δευτέραν
512 1817 769 1904 οἷλεκτροφωνίαν
790 1812 866 1884 duco
891 1821 1023 1903 σημείου
1046 1817 1150 1899 τινός,
1172 1817 1334 1893 καθύςιὸ

187 1922 244 1985 καί
261 1912 372 1994 ύλλαις
392 1915 526 2002 ἡμέραις
548 1922 747 2001 προετιοίοον,
767 1916 820 1982 τὸν
833 1920 968 1998 πόλεμον
983 1920 1110 2001 α’νῆψαν
1123 1913 1203 1997 μετὰ
1223 1940 1282 1997 με·

186 2016 284 2106 μύλης
306 2020 447 2100 σπουδῆς
469 2020 524 2082 καί
541 2019 627 2100 βίας.
650 2019 844 2102 ἑαρούριοεν
859 2009 916 2082 ούν
938 2015 956 2081 ὅ
979 2017 1105 2100 α’μηρᾶς
1127 2017 1179 2080 ἵνα
1200 2011 1282 2079 τισίν·

187 2141 240 2193 τες
260 2115 290 2183 οῖ
310 2117 355 2201 μῆ
388 2110 473 2193 ὅντες
500 2120 648 2181 τοοούτον
667 2114 812 2201 ἔμπειροι
831 2119 865 2182 ἐν
886 2120 1035 2197 πολέμοις
1055 2117 1114 2179 καί
1128 2137 1211 2189 τινες
1230 2115 1281 2197 χέ-

189 2240 298 2301 ροντες
332 2217 389 2281 καί
416 2221 482 2283 νέοι
515 2219 551 2281 ἐν
579 2213 717 2301 πρώτοις
738 2215 795 2282 τὸν
816 2217 954 2298 πόλεμον
975 2213 1126 2297 α’νύιμωσι
1153 2217 1209 2278 καί
1226 2214 1284 2297 τήν

186 2314 371 2400 συμπλοκήν
399 2313 595 2400 ποιήσωσιν,
629 2318 683 2381 ἳνα
703 2315 788 2401 ἡμᾶς
816 2316 922 2400 ὀλίγον
954 2310 1131 2380 κοπιάσασι
1161 2316 1217 2377 καί
1252 2309 1337 2381 uteo

187 2418 283 2481 πλέον
302 2417 434 2498 ἰσχυροί
459 2419 516 2480 καί
539 2415 682 2501 ύνδρεῖοι
710 2419 767 2481 καί
791 2414 936 2498 ἔμπειροι
962 2419 1020 2479 τοῦ
1040 2416 1178 2493 πολέμου
1200 2410 1281 2493 μετὰ

187 2519 329 2590 πλείονος
359 2512 503 2598 θύρσους
535 2518 591 2580 καί
620 2519 804 2598 προθυμίας
836 2521 911 2580 καθ’
936 2514 1026 2598 ἡμῶν
1048 2511 1175 2578 ἔλθωσι.
1228 2513 1285 2577 καί

187 2616 292 2678 τούτο
313 2613 452 2696 ἐγένετο,
473 2617 528 2678 καί
557 2612 575 2678 ὅ
609 2613 745 2696 πόλεμος
773 2615 869 2698 κοίηε
892 2612 1055 2698 συμπλοκὴ
1087 2612 1132 2688 ὥς
1152 2607 1284 2698 κύμινος

187 2713 307 2798 ciuiuus.
362 2714 419 2776 καί
450 2710 478 2778 οἱ
500 2713 646 2799 ἡμέτεροι
665 2713 817 2798 γενναίας
837 2713 1001 2796 ἀντέλεγον
1020 2715 1078 2778 καί
1095 2713 1199 2787 κακῶς
1219 2714 1280 2778 od.

256 2915 282 2970 5.
302 2911 561 2987 ἅσφαλιστοίεωςλ)
631 2919 657 2974 6.
675 2917 872 2990 καλληχαρίοις
889 2917 919 2970 Μ
1011 2917 1050 2985 sd.
1069 2917 1109 2991 ἐν]
1128 2918 1161 2971 αλ
1179 2914 1275 2974 ίνΡἰ

205 3152 212 3166 ·
258 3081 418 3137 conscensis
434 3085 522 3155 equis,
548 3086 683 3156 epulatio
709 3086 861 3157 egredimur
876 3097 905 3140 et
921 3086 1028 3140 obimus
1048 3087 1166 3150 moenia,
1184 3084 1220 3137 ud
1239 3086 1281 3136 vi·

188 3152 255 3221 giles
273 3155 399 3221 excubias
417 3155 543 3209 custodes
562 3157 717 3210 excitatum.
744 3168 821 3211 erant
850 3175 943 3211 omnes
966 3160 996 3212 in
1013 3160 1096 3209 muris
1115 3166 1144 3209 et
1162 3156 1281 3208 torribus

187 3241 220 3274 es
239 3235 334 3290 nocte,
353 3236 381 3278 et
398 3236 495 3296 portae
520 3228 656 3280 tutissime
674 3230 799 3294 cieuses,
822 3246 872 3300 per
911 3247 959 3281 uas
976 3245 1056 3281 nemo
1075 3236 1123 3280 sut
1142 3229 1216 3279 exire
1234 3234 1282 3278 eut

186 3294 288 3346 intrare
306 3306 406 3366 posset.
436 3298 482 3350 ubi
506 3298 536 3351 in
559 3299 693 3369 coligaria
717 3301 842 3353 venimus
869 3318 900 3353 su
943 3301 1059 3371 primum
1080 3305 1188 3350 centum
1207 3298 1282 3365 galli,

186 3381 222 3415 ex
240 3368 319 3435 equis
346 3367 536 3422 descendimus
554 3378 638 3440 etque
659 3371 830 3424 ascendimus
848 3372 878 3422 in
903 3372 1008 3423 turrim.
1030 3370 1069 3420 ibi
1089 3369 1155 3420 foris
1172 3368 1282 3419 crebros

185 3434 375 3505 colloquentes
399 3446 427 3490 et
455 3457 580 3509 magnum
597 3443 738 3511 strepitum
761 3442 922 3504 audivimus,
941 3443 1123 3510 dixeruntque
1140 3438 1283 3501 custodes,

186 3522 236 3575 per
253 3514 337 3627 mdm
354 3517 461 3560 noctem
480 3512 517 3561 its
536 3511 603 3563 fieri.
632 3514 736 3583 quippe
761 3511 898 3583 quidquid
917 3514 1157 3565 instrumentorum
1176 3507 1210 3560 sd
1229 3526 1282 3593 op-

184 3583 1284 3722 tttttttttssttsttt2⁰ssittsttttt⁰tttzt¹j2¹:335:23:232:

184 3719 214 3769 in
227 3727 307 3786 portu
325 3726 475 3771 exstructos
489 3721 631 3793 moenibus
650 3733 679 3776 et
691 3724 819 3776 litoribus
837 3723 1024 3776 admoventur.
1053 3724 1122 3775 circu
1134 3720 1284 3774 secundum

184 3789 248 3858 gatti
259 3797 366 3841 centum
375 3790 434 3841 sine
443 3790 500 3841 uilo
510 3788 594 3860 riguo,
603 3795 831 3867 quemadmodum
841 3796 924 3847 etium
934 3794 1120 3864 superioribus
1131 3790 1229 3844 diebus
1241 3791 1284 3843 se·

183 3869 286 3924 cerunt,
295 3862 527 3930 oppugnationem
541 3864 661 3932 impense
672 3873 701 3917 et
713 3882 817 3918 summo
827 3875 925 3918 conatu
938 3865 1092 3918 ordiuntur.
1106 3869 1285 3934 praeceperat

184 3940 273 3983 eutem
287 3948 399 3994 umerus,
414 3940 445 3984 ut
462 3934 509 4003 qui
521 3934 559 3984 rei
578 3934 702 3986 militaris
721 3937 811 3990 minus
825 3939 908 4008 periti
927 3945 1018 3989 essent
1031 3945 1059 3989 et
1077 3951 1154 3987 senes
1168 3931 1282 4004 quidem

183 4010 212 4052 ct
237 4002 425 4055 sdolescsntss
455 4020 573 4072 pugnem
601 4006 817 4071 committerent,
848 4025 903 4079 quo
928 4024 979 4060 nos
1006 4007 1179 4077 aliquantum
1214 4003 1281 4056 isti·

182 4081 285 4138 gsrent,
304 4081 333 4125 et
350 4073 510 4137 validiores,
529 4072 656 4128 fortiores
680 4086 709 4130 et
727 4078 802 4130 betto
830 4079 1031 4132 exercitatiores
1050 4076 1146 4129 maiori
1164 4074 1281 4127 audacis

182 4150 210 4194 ct
229 4142 369 4198 alacritate
384 4162 433 4199 uos
457 4145 675 4216 aggrederentur.
704 4149 788 4204 fiebat
808 4151 860 4216 its,
879 4167 909 4203 ec
929 4148 1064 4221 proelium
1087 4156 1115 4201 et
1135 4145 1278 4201 conflictus
