2760 5092
237 269 325 357 διο
553 291 728 361 uuonan
756 292 1001 361 suntme

235 449 318 514 ursis
336 446 427 532 ἤδτόν
446 404 513 511 τεόν1
527 447 644 511 τέκνων
663 468 728 527 μου
748 443 793 532 μὴ
821 447 1008 528 δυναμένων
1027 447 1192 533 κρυβῆναι,
1213 446 1333 531 μαδεδν

234 550 310 631 περί
338 541 459 612 τοότιον
480 539 497 607 ό
518 546 645 629 α’μηροῑς
667 545 783 631 ἐπῇρεν
801 539 903 627 ου’τό,
930 543 1007 623 δοδς
1027 548 1072 633 τῷ
1093 549 1248 636 εἰρημένῳ
1270 548 1330 612 αό-

234 650 295 712 τοῦ
317 641 587 733 πρωτοῖπποκόμφ
607 639 758 728 χρήματα
776 641 887 721 πολλοὶ.
929 646 1112 726 έναπέμεινε
1130 647 1166 710 δδ
1185 645 1205 731 ἦ
1227 642 1329 711 desita

234 743 341 811 αόττδν
359 741 461 830 μήτηρ
483 743 564 829 μόνη
584 739 663 823 μετό
683 745 760 825 μιᾶς
779 743 836 806 καί
852 746 953 828 μόνης
972 743 1211 832 ἀνατραφείσης
1232 747 1327 836 αὕτη,

234 842 270 911 αλ
293 848 329 910 δέ
350 833 446 910 illas
469 846 726 928 διεμερίσθησαν.
1336 847 1357 912 5

313 944 386 1009 Καὶ
403 945 675 1028 καταφρονοῦντες
692 943 874 1027 μέμφονται
900 937 956 1006 καί
975 945 1218 1027 κατηγοροῦντος
1240 945 1331 1028 ἐλέγ-

229 1046 345 1128 χουσιν
370 1041 456 1128 η’μοῖς
478 1039 509 1106 οἱ
529 1047 676 1120 Λατῖνοι,
700 1043 756 1104 καί
772 1041 917 1124 λέγουσιν
935 1035 983 1106 ότι
1005 1040 1060 1106 διδ
1085 1039 1142 1117 τός
1167 1041 1330 1126 δμαρτίας

230 1142 321 1227 ἧμοόν
340 1144 397 1207 καί
415 1139 469 1206 διὰ
498 1141 533 1206 τό
561 1137 607 1224 μη
641 1139 750 1226 όρδῶς
778 1150 909 1226 φρονεῖν
935 1140 1020 1224 ἡμᾶς
1041 1141 1249 1223 ἀπωλέσαμεν
1271 1143 1330 1228 τήν

190 1319 192 1323 ¹
230 1245 405 1326 βασιλείαν.
441 1241 539 1325 ἡμεῖς
560 1243 597 1305 δέ
625 1243 754 1323 λέγομεν
776 1234 825 1305 ότι
849 1239 1035 1325 ἁμαρτωλοί
1054 1241 1254 1325 όπόρχομεν,
1273 1245 1332 1308 καί

230 1343 336 1418 οὐδείς
367 1339 586 1425 α’ναμόρτητος
617 1343 648 1405 εἰ
675 1339 719 1423 μη
742 1332 788 1415 εἷς
819 1338 954 1416 δδεός·
996 1342 1072 1424 περί
1091 1342 1199 1405 sitos·
1220 1339 1376 1423 όρθοόςτο

229 1447 360 1528 φρονεῖν
379 1439 560 1522 γινώσκετε,
582 1441 717 1523 πατέρες
743 1438 799 1503 καί
818 1433 974 1525 ἀδελφοί,
1000 1433 1046 1503 ότι
1069 1438 1160 1524 ἡμεῖς
1181 1462 1329 1504 καινοτο-

227 1545 308 1626 μίαν
328 1541 482 1622 οίδεμλτν
501 1539 693 1623 ἐποιήσαμεν
706 1540 754 1614 είς
773 1536 813 1602 τό
827 1542 884 1602 τοῦ
902 1532 1086 1622 εὐαγγελίου
1110 1535 1206 1623 ῥητοί,
1230 1541 1262 1603 τί
1279 1537 1326 1623 μη

227 1639 416 1721 πιστεύομεν
436 1640 492 1703 καί
512 1638 682 1727 δοξάζομεν
702 1633 742 1701 τό
764 1631 826 1702 όσα
848 1634 877 1701 οῖ
899 1634 1052 1702 ου’τὸπται
1073 1639 1132 1701 τοῦ
1154 1634 1251 1722 λόγου
1270 1637 1330 1703 καί

226 1739 382 1824 διτηρέται
398 1732 484 1831 ἡμᾶς
498 1739 668 1817 ε’δτδσξαν,
680 1740 736 1801 καί
750 1733 769 1799 δ
781 1733 815 1800 αἱ
836 1732 927 1819 όγται
940 1735 996 1801 κατ’
1005 1739 1226 1823 κοτ’κουμενικσί
1245 1733 1326 1803 ἑπτὰ

228 1838 358 1903 σύνοδοι
377 1835 433 1901 καί
453 1834 489 1902 ni
519 1834 599 1900 κατδ
624 1835 735 1920 καιρόν
755 1837 886 1900 τοπικαί
908 1836 983 1920 ἡμῖν
1004 1827 1100 1914 όντως
1120 1836 1325 1920 παρέδοσαν,
1339 1842 1373 1906 15

228 1930 359 2020 όληθόός
388 1934 444 2001 κατ’
475 1932 613 2020 βεβαίους
634 1935 829 2019 κρατοῦμεν,
860 1933 905 2010 uic
928 1937 1072 2013 ἐδίδαξεν
1102 1934 1120 1999 ό
1150 1935 1327 2018 δγιαότατος

227 2036 419 2119 Στλβεστρος
435 2037 470 2101 ἐν
490 2038 531 2121 τῇ
549 2030 657 2123 πρώτη
678 2033 802 2124 συνόδφ
825 2035 881 2099 καί
900 2032 918 2098 δ
939 2034 1113 2118 δγιεότατος
1129 2033 1237 2110 πόσας
1254 2035 1327 2101 Δό-

227 2156 332 2217 μασος
354 2137 390 2200 έν
418 2137 460 2221 τῇ
487 2136 621 2224 δευτέρη
653 2132 778 2223 συνόδφ
797 2140 854 2200 καί
873 2131 891 2199 δ
910 2132 1083 2218 οἷγιοότατος
1105 2133 1213 2212 πόπας
1234 2139 1326 2200 Κατ.

227 2238 370 2309 λεστῖνοε
399 2235 434 2299 έν
453 2235 490 2322 τῇ
508 2237 598 2322 τρίτη
621 2229 745 2323 συνόδφ
777 2236 832 2300 καί
858 2233 876 2300 ό
909 2233 1081 2318 δγιαότατος
1099 2229 1207 2309 πόσας
1228 2239 1326 2300 Λέων

198 2335 262 2401 δέν
282 2336 323 2422 τῇ
353 2332 488 2421 τετάρτη
517 2334 638 2422 συνόδφ
672 2330 768 2398 natu
796 2329 969 2417 δγιτότατος
1001 2333 1109 2409 πόπας
1127 2331 1270 2415 Βιγτλιος
1290 2338 1371 2400 ε’νιο

227 2435 268 2523 τῇ
288 2434 413 2520 πέμπτη
446 2431 570 2518 συνόδῳ
598 2435 654 2497 καί
684 2426 901 2516 όδγυόνατος
932 2432 1039 2508 πόπας
1060 2430 1205 2515 Ἀγάθων
1227 2435 1261 2497 έν
1285 2437 1326 2521 τῇ

226 2529 300 2622 ἕκτη
321 2528 445 2620 συνόδφ
464 2534 520 2595 καί
540 2526 557 2594 ό
578 2526 752 2616 όγιοότατος
775 2527 881 2608 πόπας
896 2529 1066 2618 Ἀδριανός
1086 2532 1121 2597 έν
1141 2537 1182 2621 τῇ
1200 2528 1322 2622 ἑβδόμη

295 2734 322 2800 l.
342 2729 559 2805 δνστρεφοδσης
572 2723 660 2798 nisis
679 2731 787 2785 Altesus
890 2736 930 2788 13.
950 2729 990 2795 τός
1008 2733 1218 2807 ἐπιστεύσαμεν
1236 2733 1323 2797 δοξά-

296 2804 420 2876 toperi>
513 2800 685 2859 τ5.οι”τωΡ

226 2973 313 3030 luente
334 2982 363 3027 et
378 2974 521 3045 compositi
540 2989 628 3026 mores
647 2973 796 3026 liberorum
814 2990 936 3026 meorum
953 2973 1039 3028 lutere
1055 2992 1113 3028 non
1133 2983 1254 3047 possent,
1272 2993 1325 3028 an·

225 3044 285 3099 dito
307 3043 342 3098 sle
362 3047 410 3110 iis,
427 3062 545 3108 emeras,
572 3044 667 3115 grandi
693 3045 812 3116 pecunie
832 3053 990 3108 numeratu,
1016 3046 1049 3097 ub
1080 3062 1129 3109 en,
1154 3063 1237 3117 quem
1254 3046 1323 3110 dixi,

225 3117 482 3187 summoprseseetu
513 3115 616 3170 stabuli
635 3132 682 3169 εοι
709 3117 822 3186 sucepit
860 3117 990 3168 remansit
1007 3117 1104 3168 misera
1122 3133 1217 3169 susum
1235 3126 1324 3171 suntet

225 3188 284 3240 sula
303 3204 365 3240 cuns
392 3204 446 3240 uns
466 3194 496 3240 et
520 3188 579 3240 solu
601 3204 617 3240 τ
640 3203 669 3239 se
694 3188 798 3240 nutrite
826 3187 1001 3251 muliercula,
1030 3188 1154 3258 reliquae
1181 3187 1323 3260 dispersus

225 3266 300 3311 sunt,

296 3327 508 3381 contemnentes
527 3336 555 3380 et
570 3328 768 3381 celumniantes
780 3342 831 3381 nos
845 3328 935 3381 Latini
953 3328 1031 3380 siunt
1043 3337 1126 3399 utque
1144 3329 1322 3400 exprobrant,

223 3405 336 3470 psopter
353 3407 462 3468 peccata
480 3409 573 3451 nostra
592 3407 620 3451 et
637 3398 702 3451 fidei
728 3399 933 3469 perversitatem
952 3417 1001 3451 nos
1023 3401 1142 3452 amisisse
1167 3401 1321 3471 imperium.

223 3484 276 3520 nos
292 3484 356 3519 vero
369 3469 559 3533 consentimus,
578 3469 716 3539 improbos
728 3486 779 3521 nos
800 3469 877 3524 esses'
891 3479 920 3521 nt
936 3486 1015 3522 nemo
1027 3470 1128 3539 probus
1147 3480 1197 3534 est,
1236 3481 1323 3525 taeter

223 3538 312 3591 solum
329 3536 419 3590 slsum.
438 3539 546 3591 de'iidei
557 3550 649 3592 autem
661 3543 775 3593 veritate
790 3542 897 3603 scitote,
910 3549 1000 3609 putres
1015 3558 1046 3592 ne
1061 3541 1166 3603 fratres,
1182 3542 1210 3592 τι·
1233 3543 1253 3593 il
1272 3560 1322 3595 nos

221 3609 366 3662 innovasse
382 3609 411 3660 in
430 3612 573 3662 sententiis
586 3612 728 3679 evangelli,
752 3610 801 3661 sed
819 3609 930 3662 eredere
950 3619 978 3663 et
990 3611 1122 3680 profiteri,
1141 3629 1322 3682 quaecunque

220 3679 297 3733 verbi
317 3687 401 3732 testes
420 3680 521 3733 oenluti
540 3690 568 3734 st
586 3682 702 3733 ministri
719 3698 769 3733 nos
787 3680 946 3743 docuerunt,
966 3690 994 3734 et
1011 3698 1081 3751 quse
1099 3691 1207 3735 sunctae
1227 3692 1256 3735 et
1273 3701 1321 3736 oe·

221 3752 379 3803 eumenicus
398 3758 504 3819 septem
526 3751 623 3819 synodi
640 3760 668 3804 et
690 3752 713 3804 si
733 3766 803 3821 quse
814 3753 921 3820 topicae
940 3769 1009 3821 opus
1026 3761 1114 3817 eruut,
1132 3770 1224 3804 revera
1241 3754 1322 3807 nobis

146 3842 152 3852 ·
219 3821 410 3884 tradiderunt,
427 3837 489 3874 vere
517 3830 545 3873 et
561 3822 637 3873 linus
655 3829 798 3884 tenemus,
818 3821 1045 3891 quemadmodum
1065 3824 1094 3876 in
1113 3825 1198 3893 prima
1215 3824 1321 3892 synode

219 3895 404 3947 “notissimus
423 3892 552 3944 Silvestsr
569 3891 672 3953 docuit,
690 3894 719 3944 in
741 3892 861 3945 seeundn
886 3893 1071 3945 sanctissimus
1088 3894 1221 3946 Damasus
1241 3913 1320 3966 pape,

219 3964 251 4016 in
269 3965 350 4017 serua
376 3962 561 4015 unctissimas
582 3962 751 4018 Caelestinus
769 3979 855 4034 papa,
884 3965 913 4016 in
934 3972 1030 4034 quarta
1059 3965 1245 4017 sanctissimus
1267 3966 1319 4018 Leo

219 4049 306 4105 φερε,
334 4035 363 4086 in
394 4035 492 4105 quinte
516 4035 698 4086 sanctissimus
724 4032 844 4103 vigilius
872 4051 959 4105 papa,
980 4036 1009 4088 in
1038 4043 1114 4087 sexta
1134 4037 1318 4089 sanctissimus

219 4101 325 4169 egesto
351 4120 437 4175 pepe,
457 4105 485 4156 in
510 4105 625 4174 septima
651 4105 835 4157 sanctissimus
857 4105 991 4159 Adrianus
1017 4121 1097 4175 pepe.
1143 4107 1218 4159 scitis
1245 4108 1319 4159 enin

219 4189 322 4240 onnes,
337 4191 384 4230 τοι
393 4175 569 4231 anathemata
578 4184 606 4231 st
616 4176 816 4233 exsecrationes
825 4186 971 4251 perpetues
983 4175 1020 4229 ils
1038 4178 1158 4232 minatus
1176 4193 1247 4242 esse,
1268 4178 1317 4250 qni
