2782 5100
245 230 324 312 160
562 249 735 315 onouou
765 251 1006 315 ruumrmn

237 403 330 490 ρικάς
352 400 493 486 τριη’ρεις
507 403 740 484 προσδοκῶντος
763 403 814 466 ἵνα
828 402 928 484 ἐμβάς
944 404 990 478 εἰς
1010 398 1068 486 την
1082 402 1173 469 πόλιν
1195 407 1333 493 α’πέλθη,

237 502 307 570 ι’δοά
330 499 392 586 ἐγώ
416 494 576 583 άπρακτος
595 497 733 586 ἔφθασα.

323 626 370 666 11.
412 601 483 663 Kal
501 597 651 680 ἐμβάντες
665 603 711 677 είς
725 598 781 676 τάς
800 603 863 665 τῶν
873 596 1003 665 Ἑνετῶν
1015 598 1154 686 τριηρεις
1166 605 1222 667 καί
1242 602 1332 688 φθά-

236 724 347 778 σαντες
369 701 413 776 εἷς
433 687 699 782 Εὐριπονςέδοξε
720 704 764 785 τῷ
783 701 919 786 αὐθέντῃ
942 723 1006 781 μου
1028 699 1123 765 καλόν
1146 695 1228 766 εἶναι
1249 703 1332 767 άπα-

235 802 362 867 στεῖλαί
376 821 419 879 με
435 796 515 882 πρός
534 796 589 863 τόν
614 797 819 883 Τουραγάνην
848 803 882 865 ἐν
903 798 993 888 Θηβη
1015 799 1239 885 εὑρισκόμενον
1246 853 1256 884 ,
1280 801 1360 867 ΐναό

234 899 275 964 τά
297 897 372 981 περί
389 901 446 981 τῆς
463 894 602 981 Ἀθήνης
623 898 709 985 αὐτῷ
734 899 945 982 δηλοποιησω.
999 900 1055 964 κατ’
1073 904 1331 984 παραγενομένου

234 1023 297 1080 μου
319 1000 437 1081 ἐδέχθη
459 1020 501 1077 με
521 994 598 1077 μετά
618 1001 745 1080 χαράς,
767 997 822 1062 καί
841 995 1083 1086 ἐπληροφόρησὲ
1100 1023 1158 1080 μοι
1176 1004 1251 1080 μεθ’
1274 996 1330 1085 όρ·

137 1170 139 1173 ,
233 1126 289 1164 κου
309 1102 408 1181 λέγων
430 1091 477 1160 ότι
504 1099 535 1160 εἰ
567 1093 687 1178 ἔγνωκα
708 1101 800 1162 τούτο
820 1097 895 1180 πρίν
912 1096 1035 1163 οἴκοθεν
1057 1100 1195 1178 ἐξελθεῖν
1213 1123 1255 1180 με
1277 1104 1331 1165 ε’ν.

233 1202 356 1278 ταύθα,
389 1199 491 1261 ἕνεκεν
520 1199 574 1278 τῆς
594 1191 674 1279 π’ρός
704 1195 758 1260 τόν
786 1194 936 1281 δεσπότην
967 1198 1091 1283 α’γάπης
1117 1200 1172 1262 καί
1193 1199 1272 1283 πρὸς
1292 1204 1331 1266 σὲ

231 1300 405 1382 γνωριμίας
412 1294 588 1378 χαριέντως
610 1289 627 1358 ό
646 1295 744 1371 αἰτεῖς
757 1298 921 1380 πληριόοαι
935 1291 1029 1380 εἶχον,
1052 1298 1122 1361 ε’πεί
1141 1291 1217 1360 άνευ
1230 1322 1329 1381 προσ·
1343 1315 1352 1354 ¹

229 1398 388 1480 τάγματος
419 1395 478 1458 τοῦ
510 1391 649 1476 μεγάλου
680 1397 838 1460 αὐθέντου
873 1396 1006 1480 ε’ποίησα
1023 1401 1134 1479 τοῦτο,
1163 1392 1247 1460 διότι
1275 1394 1330 1463 ὅτε

230 1489 314 1581 ἤμην
326 1499 360 1560 ἕν
375 1497 418 1580 τῷ
432 1490 504 1581 οἴκῳ
512 1515 576 1572 μου
591 1497 737 1569 πλείστας
760 1492 936 1581 προφάσεις
961 1493 1121 1579 ἐδυνάμην
1143 1495 1259 1579 εὐρείν,
1270 1500 1330 1560 νῦν

229 1597 265 1659 δὲ
274 1586 504 1678 πρόφασινούκ
512 1590 576 1675 ἔχοι
592 1593 750 1674 οὐδεμίαν.
766 1593 1010 1680 φιλοφρονηθείς
1025 1596 1060 1660 δὲ
1074 1599 1250 1680 φιλοτίμοις
1263 1595 1326 1679 ἐγώ

227 1698 305 1778 παρ’
318 1695 448 1772 ἐκείνου,
460 1695 515 1755 καί
525 1688 601 1766 τούς
616 1688 707 1768 υἱούς
717 1694 820 1757 αὐτοῦ
835 1697 1015 1779 προσέφερέ
1022 1717 1078 1776 μοι
1090 1697 1136 1769 εἰς
1149 1691 1327 1778 προσκόνη·

227 1797 279 1857 σίν
288 1817 362 1875 μου,
377 1790 432 1855 καί
443 1795 633 1876 παρετίθετο
650 1790 768 1868 αὐτούς
782 1791 854 1874 ἐμοί
868 1797 923 1857 καί
934 1796 979 1880 τῷ
992 1792 1130 1880 αὐθέντῃ
1141 1816 1216 1875 μου,
1230 1796 1263 1872 ἐξ
1281 1785 1326 1859 ὧν
1362 1814 1372 1846 ¹

226 1881 267 1975 ἧν
287 1885 333 1966 εἷς
352 1890 368 1956 ὃ
391 1894 449 1957 νῦν
469 1888 568 1966 πολύς
588 1890 644 1955 καί
657 1894 756 1975 μέγας
778 1889 912 1976 ὐμηρης.
934 1892 990 1956 καί
1006 1887 1108 1968 οὕτως
1125 1896 1189 1957 τεόν
1202 1897 1326 1958 ἐκεῖθεν

224 1990 446 2074 ἔπανὲστρεψα
462 1982 634 2074 ἄπρακτος.
677 1993 732 2054 καί
754 1992 824 2055 ε’πεί
846 1988 1056 2073 προλαβόντες
1080 1989 1110 2056 οἱ
1130 1995 1163 2056 ἐν
1191 1995 1236 2080 τῷ
1260 1996 1326 2057 Εὐ-

223 2092 305 2177 ρίπην
327 2082 410 2173 ἦραν
439 2087 497 2170 την
525 2092 669 2174 γέφυραν
687 2088 844 2165 α’κοοσίτος
865 2093 905 2176 τῇ
925 2088 972 2153 κθ’
994 2085 1206 2173 Αὐγούστου,
1232 2088 1327 2175 ἡμεῖς

222 2189 390 2270 ἐμείναμεν
409 2190 444 2253 ἐν
465 2188 567 2275 ἐκείνη
586 2190 625 2273 τῇ
640 2188 731 2253 νυκτί
751 2190 796 2263 εἷς
815 2186 872 2264 τάς
893 2187 1011 2267 ἔξωθεν
1034 2191 1091 2273 τῆς
1109 2190 1255 2275 γεφύρας
1270 2196 1329 2257 πί·

221 2312 321 2371 ερας·
373 2292 429 2353 καί
452 2291 485 2352 δν
507 2286 610 2375 ἐκείνη
626 2290 665 2373 τῇ
689 2290 781 2351 νυκτί
804 2287 904 2351 πολλά
926 2289 1052 2353 ἐναντία
1073 2290 1236 2369 ἐπάθομεν
1258 2290 1323 2353 α’πό
1353 2303 1372 2341 ‘1

220 2409 254 2449 τε
270 2385 397 2468 ψόγους
414 2387 470 2452 καί
481 2390 590 2461 πείνας
609 2388 665 2450 καί
684 2385 747 2449 α’πό
770 2388 823 2471 τῆς
839 2387 1007 2471 ξηρότητος
1027 2390 1089 2452 τῶν
1109 2392 1233 2472 πετρῶν
1258 2385 1326 2452 άπό

219 2508 254 2549 τε
276 2486 381 2572 φόβου
405 2488 469 2551 τάν
487 2488 608 2574 ληστῶν
628 2488 683 2550 κατ’
704 2488 766 2550 τοῖν
787 2483 848 2550 α’πό
878 2490 934 2551 τοῦ
963 2486 1153 2571 Τουραχάνη
1181 2488 1335 2572 soporos?

294 2712 315 2747 ι.
338 2665 570 2766 ἔμβηὶκαὶείςλ)
671 2694 696 2760 l.
715 2690 883 2763 ΕὐβοιανΡ
978 2694 1016 2745 16.
1034 2686 1115 2766 παρά
1136 2693 1174 2765 τῷ
1194 2691 1335 2768 άμηρηῖΡ

294 2813 333 2865 ¹7·
353 2792 495 2867 ΕὐβοίηΡ
584 2795 623 2848 ιθ.
643 2783 696 2849 καί
716 2791 751 2862 ἦν
770 2793 877 2867 aopi>
976 2812 1019 2850 no.
1039 2799 1070 2855 ἓν
1088 2787 1105 2871 ᾗ
1125 2793 1282 2853 καὶπολλὰ
1304 2802 1337 2854 Ρ

217 2965 382 3018 Venetorum
410 2965 582 3018 mercatorias
614 2973 831 3034 exspectantem,
861 2966 961 3036 quibus
985 2967 1014 3018 in
1039 2965 1135 3018 urbem
1153 2966 1336 3033 veheretur,

217 3038 316 3090 frustm
335 3047 461 3106 suscepto
478 3040 593 3099 itinere,
611 3037 732 3105 perveni.
945 3074 948 3080 ,

265 3101 330 3160 ἰι.
368 3109 458 3179 Quum
477 3109 630 3160 conscensis
650 3107 816 3160 Venetorum
836 3106 992 3158 triremibus
1012 3107 1178 3159 venissemus
1210 3107 1240 3159 in
1263 3110 1336 3162 Eue

216 3179 314 3248 ripum,
340 3180 426 3232 visum
453 3190 495 3231 est
514 3178 624 3230 domino
643 3195 724 3243 meo,
750 3178 858 3230 mittere
885 3195 928 3229 me
947 3177 981 3229 ad
1005 3178 1192 3230 Turnchsnem
1214 3178 1338 3233 Thebis

214 3259 374 3313 versantem,
392 3260 423 3301 ut
436 3250 470 3301 de
482 3250 596 3301 Athenis
609 3267 670 3300 cunr
681 3265 713 3300 eo
734 3264 850 3316 agerem.
878 3250 899 3299 is
919 3247 1110 3300 advenientem
1129 3266 1171 3300 me
1193 3249 1341 3303 hilariter

196 3322 336 3389 'excepit,
363 3321 557 3390 affirmauitque
576 3339 636 3373 cum
655 3318 844 3382 iureiurando,
869 3318 942 3370 istud
962 3319 985 3370 si
1003 3323 1139 3383 novisset,
1157 3323 1339 3390 priusquam

214 3389 296 3441 domo
312 3389 366 3441 huc
378 3392 517 3460 profectus
531 3401 611 3451 esset,
626 3409 675 3461 pro
687 3406 786 3453 amore,
799 3407 854 3459 quo
873 3391 902 3440 in
915 3390 1055 3458 despotum
1069 3400 1148 3452 esset¹
1164 3399 1194 3441 et
1205 3403 1342 3462 propter

213 3462 339 3512 notitiem
356 3463 418 3524 mei,
433 3461 561 3526 libenter,
571 3462 645 3532 quod
662 3470 793 3532 peterem,
804 3462 934 3512 lictumm
948 3460 1042 3525 fuisse,
1058 3460 1194 3530 siquidem
1212 3463 1340 3516 iniussu

212 3532 304 3599 magni
322 3548 426 3582 emerso
446 3533 497 3583 hoc
515 3533 624 3585 fecisset
642 3542 671 3584 et
701 3532 775 3583 domi
798 3532 926 3600 plurimas
944 3533 1081 3600 potuisset
1112 3549 1208 3583 causus
1235 3552 1338 3602 praee

212 3603 347 3669 tendere²
363 3619 436 3653 nuno
454 3603 557 3654 nullam
576 3612 676 3672 posset.
697 3601 819 3653 habebat
843 3611 933 3653 autem
951 3618 995 3653 ms
1012 3602 1131 3669 benigne
1153 3612 1183 3653 et
1201 3603 1341 3657 honoria

212 3674 278 3738 fiee,
300 3690 331 3724 ae
350 3673 420 3723 lilios
448 3674 530 3725 etiam
549 3691 592 3725 ms
611 3675 758 3726 salutatum
785 3672 916 3736 adduxit,
942 3689 1042 3742 eosque
1068 3673 1136 3724 mihi
1155 3683 1184 3725 et
1203 3672 1336 3728 domino

210 3761 272 3797 meo
293 3742 506 3796 commendavit:
531 3760 545 3795 e
565 3744 665 3814 quibus
684 3761 753 3795 rinus
773 3743 843 3806 suit,
861 3745 910 3813 qui
928 3742 1012 3794 hodie
1031 3744 1135 3795 nobilis
1153 3752 1182 3795 et
1200 3758 1338 3816 magnus

210 3832 314 3867 emeres
344 3823 394 3867 est.
433 3813 485 3866 hoc
509 3814 593 3882 igitur
616 3815 696 3866 modo
726 3813 828 3866 infecta
853 3831 881 3864 re
917 3814 996 3865 redii.
1031 3833 1114 3884 quum
1139 3823 1234 3867 nutem
1265 3818 1341 3870 Eut

210 3886 300 3955 ripum
318 3886 366 3956 qui
393 3884 568 3948 accolebant,
596 3885 663 3937 licet
688 3886 783 3949 inriti,
802 3894 914 3954 pontem
938 3885 1114 3938 sustulissent
1132 3884 1179 3937 δίε
1200 3880 1339 3957 Augusti

211 3975 262 4025 τις),
280 3975 329 4009 nos
350 3973 409 4008 eam
427 3964 534 4007 noctem
558 3944 637 4008 Extra
662 3963 773 4024 pontem
792 3955 864 4007 inter
886 3973 948 4009 sans
964 3958 1158 4024 transegimus,
1181 3965 1210 4008 et
1230 3961 1344 4011 multa

210 4027 321 4079 adverso
340 4045 355 4078 τι
374 4028 488 4095 frigore,
507 4027 577 4078 sums
597 4036 625 4078 et
642 4027 743 4078 duritie
766 4043 910 4090 saxorum,
935 4045 950 4077 n
969 4029 1065 4079 timore
1092 4026 1159 4078 item
1178 4026 1346 4082 latronum

210 4105 239 4150 st
256 4098 372 4152 militum
390 4098 558 4152 'furschsuis
575 4098 754 4177 pertulimus,
773 4099 901 4168 quoniam
920 4099 983 4169 equi
1002 4097 1104 4163 nostri,
1126 4113 1196 4168 quos
1214 4116 1231 4151 e
1252 4103 1343 4156 Lie‘
