2760 5092
425 597 501 658 ιιιι.
521 597 574 657 ιν.
603 591 694 658 σιτ.
712 596 768 657 ιιι.
1052 559 1139 670 3²9

58 736 215 826 ἠρνήσατο
239 738 294 808 καί
310 734 396 808 εἶπεν
416 738 466 807 ὅτι
490 743 580 823 ὑμεῖς
604 743 706 823 λέγετε
728 743 833 806 τοῦτο.
854 740 910 805 κατ’
930 741 1045 824 φέρετε
1064 735 1142 801 αύτδ

58 844 104 916 εἰς
122 846 302 924 μαρτυρίαν
332 846 404 907 καθ’
427 842 534 925 ἡμῶν,
565 846 617 906 ἵνα
638 842 757 925 δείξρτε
787 839 827 904 τοὶ
850 843 924 921 παρ’
945 835 1037 918 ῦμιῦν
1057 832 1145 918 λεγό-

56 963 150 1021 μεναι
163 942 276 1024 α’ληθῆ.
309 944 409 1007 ταῦτα
426 943 501 1024 γοῦν
520 948 636 1004 ποιεῖτε
653 938 715 1003 α’πδ
736 941 793 1003 τοῦ
812 935 857 1021 ru}
878 936 1040 1020 γινώσκειν
1061 932 1146 1013 ὑμᾶς

57 1038 279 1129 τάςγραιριὲςρ
330 1045 361 1106 εἰ
381 1039 443 1124 γὰρ
465 1040 649 1124 εὑρίσκεσθε
670 1036 870 1117 ἐξετάζοντες·
884 1035 938 1101 καί
959 1037 1145 1117 ἐρευνῶντες

30 1139 117 1212 5τάς
140 1137 269 1223 γραφεὶς
290 1140 333 1214 nic
354 1142 421 1218 δεῖ,
451 1140 509 1202 ουίτ
530 1133 570 1202 ύν
594 1139 801 1221 ε’πλανὴθρτε.
843 1131 928 1217 ὅμως
950 1135 1067 1220 α’φίημι
1088 1134 1146 1196 τοῦ

59 1241 161 1318 λέγειν
183 1237 264 1301 κατὰ
285 1239 322 1303 τὸ
344 1237 444 1322 παρὸν
462 1238 518 1313 τὰς
538 1237 592 1301 εἶπ’
615 1238 718 1319 ἀρχῆς
740 1238 800 1301 τοῦ
812 1236 931 1315 κόσμου
951 1230 1142 1315 μαρτυρίας,

60 1339 178 1410 αἵτινες
211 1333 425 1421 ἐλαλήθησαν,
445 1341 518 1420 περί
542 1341 602 1401 τοῦ
622 1337 785 1417 Χριστοῦ,
819 1330 1017 1398 δεικνύουσαν
1047 1329 1146 1394 αῦτδν

59 1432 132 1498 υἱὸν
154 1438 233 1498 θεοῦ
254 1436 308 1499 καί
326 1435 403 1499 θεὸν
423 1436 478 1500 καί
506 1429 684 1518 ῦνθρωπον,
712 1432 830 1510 πολλὰς
850 1426 966 1509 οῦσας·
1009 1427 1059 1493 διύ
1081 1426 1144 1491 ἀπὸ

59 1532 177 1597 τούτων
202 1535 381 1618 φθάσαντες
409 1536 546 1616 εἴπωμεν
575 1534 707 1617 μερικσὶς
732 1559 829 1610 τινας.
884 1526 970 1611 ὅμως
993 1532 1072 1611 λέγω
1093 1527 1148 1591 κατ’

14 1636 172 1713 ιοτσῦτο,
197 1630 244 1697 ὅτι
276 1636 316 1696 σύ
334 1638 374 1698 δι’
396 1629 473 1698 ἄλλο
494 1658 524 1698 τι
550 1628 754 1718 ἐσταύρωσαν
775 1632 803 1697 oi
818 1633 968 1698 Ἰουδαῖοι
988 1627 1042 1694 τὸν
1062 1631 1146 1710 Χρι-

59 1728 134 1795 στὸν
156 1726 177 1818 ἢ
198 1727 246 1796 ὅτι
268 1733 426 1799 ἐδείκνυεν
446 1729 561 1799 ἑαυτὸν
583 1735 658 1798 θεόν
677 1757 710 1798 τε
730 1732 786 1797 καί
806 1724 975 1816 ῦνθρωπσν
995 1731 1051 1793 καί
1068 1730 1168 1793 θεοῦ

60 1828 151 1915 αι’ύν,
173 1830 229 1896 καί
248 1835 291 1920 πῇ
310 1837 370 1913 μὲν
398 1831 502 1915 ἔλεγεν
530 1827 578 1897 ῦτι
599 1831 617 1895 6
648 1833 704 1911 ε’μὲ
724 1834 857 1914 θεωροῦν
877 1834 997 1914 θεωρεῖ
1010 1825 1069 1892 ,τὸν
1087 1841 1176 1891 πα·Β

59 1933 137 2013 τέρα
157 1955 229 2013 μου,
250 1937 295 2020 πῇ
315 1935 359 1998 δὲ
382 1927 429 1997 δτι
448 1929 508 2016 ε’γιδ
532 1932 587 1996 καί
607 1931 624 1995 6
646 1928 749 2015 πατήρ
770 1956 833 2012 μου
868 1928 902 1993 ἓν
922 1933 1027 2011 ἐσμεν,
1048 1929 1092 2013 πῇ
1111 1929 1147 1990 66

60 2026 109 2095 δἐι
131 2034 162 2095 εἰ
181 2034 237 2112 ἐμὲ
258 2032 438 2114 ἐγνώκειτε,
466 2034 522 2096 καί
550 2029 606 2096 τδν
627 2036 750 2115 πατέρα
768 2053 832 2111 μου
854 2025 1013 2112 ε’γνύκειτε
1034 2019 1085 2106 cis,
1107 2029 1149 2112 πῇ

15 2131 97 2194 ιὸδὲ
117 2127 274 2206 ὦσαύτως
304 2127 351 2196 ῦτι
373 2130 430 2196 ε’ύν
452 2156 500 2207 τις
525 2130 579 2197 τὸν
601 2128 692 2215 λόγον
715 2154 779 2211 μου
798 2131 933 2216 τηρήσῃ,
953 2124 1091 2193 θάνατον
1110 2125 1149 2188 ου’

58 2227 103 2313 μή
127 2226 275 2318 θεωρήσῃ
297 2233 341 2306 εἰς
362 2229 415 2296 τὸν
435 2233 546 2312 αιύἷνα,
567 2229 623 2294 καί
639 2232 782 2313 α’λλαχοῦ
796 2224 843 2293 ὅτι
865 2229 1033 2313 ἀφέωνταί
1047 2251 1097 2290 σοι
1115 2222 1150 2290 αἱ

58 2328 225 2414 δμαρτίαι,
268 2327 348 2415 ἅπερ
374 2335 570 2416 θεωροῦντες
599 2327 628 2395 οἱ
648 2332 796 2396 Ἰουδαῖοι
818 2327 923 2411 ε’λεγσν
940 2323 1018 2411 πρὸς
1037 2321 1148 2400 αῦτύν,

59 2426 129 2492 τίνα
149 2426 284 2493 σεαυτὸν
313 2438 432 2509 ποιεῖς,
462 2423 627 2514 ἄνθρωπος
656 2424 701 2492 ιδν
720 2436 821 2503 ποιεῖς
841 2423 976 2491 σεαυτὸν
1004 2425 1098 2503 θεόν,
1119 2423 1154 2488 τί

60 2528 98 2592 δὲ
118 2524 297 2611 ύΧριστός
319 2523 422 2608 εἶπεν,
445 2523 461 2591 6
484 2525 642 2593 πιστεύων
668 2529 714 2602 εἰς
734 2529 790 2608 ἐμὲ
812 2520 870 2589 riv
892 2525 1035 2611 α’πσθιίνῃ
1056 2523 1148 2605 ζήσε.

8 2647 133 2691 εοεαε·
175 2625 231 2690 καί
252 2621 356 2709 ῦσπερ
383 2623 400 2691 6
424 2626 523 2710 πατὴρ
538 2627 653 2710 ἐγείρει
672 2623 746 2701 τούς
768 2621 895 2708 νεκρούς
916 2626 971 2688 καί
991 2626 1148 2705 ζωοποιεῖ,

60 2721 163 2801 οῦτως
184 2729 239 2790 καί
267 2724 282 2790 6
303 2725 372 2801 υἱὸς
396 2726 452 2802 σῦς
480 2730 567 2792 θέλει
587 2728 754 2805 ζωοποιεῖ·
809 2725 865 2788 καί
885 2718 931 2788 ὅτι
953 2720 1057 2796 ου’δείς
1082 2715 1149 2786 οἶδε

59 2822 117 2889 τόν
140 2821 208 2889 viti
228 2825 259 2888 εἰ
274 2824 319 2910 μή
341 2824 358 2888 6
380 2826 495 2909 πατήρ,
516 2825 590 2891 οῦδὲ
614 2825 669 2891 τὸν
686 2826 809 2909 πατέρα
830 2827 879 2900 εἰς
898 2821 1036 2907 ἑώρακεν
1055 2823 1087 2886 εί
1102 2818 1148 2904 μὴ

60 2918 78 2986 6
104 2919 174 2998 νὶός
192 2915 290 3012 καίᾦ
311 2922 459 3006 βούλεται
478 2923 495 2988 6
514 2922 583 3001 υἱδς
613 2921 828 3006 ἀποκαλύψαι.
870 2920 985 3006 ύγοῦν
1008 2917 1149 3006 Χριστὸς

133 3127 158 3180 9.
177 3108 279 3182 μερικά
296 3107 390 3164 τιναΡ
463 3125 503 3182 ¹9·
522 3108 602 3166 εἶπεν
619 3126 662 3162 om
681 3110 701 3163 P

63 3251 146 3315 disse,
166 3253 324 3306 testimonio
355 3253 407 3306 hoc
432 3254 561 3308 adversus
587 3273 635 3308 nos
660 3255 715 3318 usi,
746 3271 800 3326 quo
819 3268 888 3326 quae
906 3253 956 3322 ipsi
976 3251 1066 3304 dicitis
1084 3265 1148 3301 vera

63 3341 123 3377 esse
143 3323 301 3376 ostendatis.
329 3334 357 3377 nt
375 3326 427 3376 hoc
444 3325 554 3396 quiden»
572 3345 604 3377 ex
622 3328 725 3378 inscitia
744 3342 876 3377 sacrarum
896 3325 1033 3375 literarum
1052 3322 1149 3373 facitis:

63 3412 131 3465 quas
155 3396 178 3446 si
197 3396 392 3465 investigaretis
412 3405 440 3447 et
456 3398 649 3457 scrutaremini,
669 3405 701 3448 ut
721 3395 808 3459 decet,
827 3413 881 3447 non
894 3394 1027 3446 errassetis
1048 3392 1147 3444 forsan.

63 3464 113 3516 sed
132 3466 228 3517 omitto
242 3484 314 3516 nunc
332 3465 441 3536 quidem
459 3467 523 3519 inde
536 3485 550 3517 τι
564 3485 650 3519 rerum
668 3467 801 3536 principio
818 3480 888 3535 quae
906 3463 939 3516 de
957 3464 1063 3515 Christo
1081 3480 1148 3532 pro-

62 3538 189 3588 nuntiate
210 3545 273 3588 sunt
300 3538 434 3606 permulta
458 3539 628 3600 testimonia,
653 3553 723 3607 quae
752 3555 813 3588 eum
832 3536 918 3586 filiurn
945 3534 989 3585 tei
1013 3543 1042 3586 et
1066 3533 1147 3585 deum

62 3615 96 3659 et
120 3606 256 3658 hominem
283 3623 341 3658 esse
368 3609 568 3659 demonstrant:
593 3617 675 3673 atque
705 3607 760 3658 illis
786 3606 904 3667 relictis,
933 3606 1001 3657 elias
1024 3605 1149 3674 singule-

63 3694 107 3729 τοι
133 3675 261 3746 quasdem
289 3678 560 3730 corrrnremor'nbimus.
595 3677 647 3730 hoc
667 3685 759 3730 tamen
784 3675 909 3738 monebo,
937 3694 992 3727 non
1012 3677 1091 3729 aliam
1112 3676 1149 3728 oh

63 3765 171 3798 causam
194 3747 307 3812 ludaeos
328 3749 461 3800 Christum
487 3750 559 3800 cruci
585 3749 713 3812 affixisse,
738 3766 819 3819 quarn
844 3747 917 3816 quod
943 3747 1079 3810 derunse,
1097 3747 1150 3800 ho-

63 3819 165 3870 minem
195 3827 224 3869 et
252 3819 296 3879 (lei
328 3819 415 3871 tilium
450 3837 507 3872 erse
537 3820 717 3889 praedicaret,
745 3827 774 3870 et
805 3818 893 3871 dicere
922 3818 1038 3871 eundem
1067 3819 1149 3881 alibi,

63 3890 112 3960 qui
142 3889 229 3958 ipsum
253 3889 358 3953 vident,
386 3908 447 3941 eum
472 3900 575 3960 patrem
605 3908 681 3942 suum
708 3889 818 3953 videre,
847 3888 929 3952 aiibi,
955 3907 984 3942 se
1003 3898 1031 3942 et
1044 3898 1148 3960 pntrem

64 3977 148 4011 unum
168 3976 242 4024 esse,
268 3961 351 4023 aiibi,
376 3963 397 4012 si
426 3977 454 4012 se
473 3978 625 4024 nossemus,
645 3977 724 4013 nosse
749 3978 799 4012 ιιοι
823 3965 934 4029 pitrern,
954 3960 1030 4023 alibi,
1050 3960 1150 4030 siquis

62 4039 207 4100 praecepta
224 4048 271 4082 sua
289 4030 443 4096 observarit,
462 4049 523 4084 eum
536 4049 673 4102 nunquam
682 4040 794 4084 mortem
808 4032 935 4093 visurum,
950 4031 1017 4083 alibi
1031 4031 1151 4098 denique

63 4110 175 4167 negroto
187 4100 302 4162 cuidam,
320 4112 429 4171 peccate
441 4103 592 4156 condonata
604 4104 629 4153 ei
641 4120 706 4155 esse.
727 4119 796 4172 quas
812 4119 895 4173 quum
908 4101 1152 4154 animadverterent

62 4171 167 4234 Iudaei,
186 4180 329 4240 rogarunt,
347 4171 454 4243 qualem
474 4191 503 4226 se
524 4175 641 4226 faceret?
676 4191 766 4226 annon
787 4172 866 4224 deum
886 4190 915 4224 se
936 4172 1046 4236 iaceret,
1067 4187 1152 4254 quum

63 4240 145 4295 homo
165 4243 253 4294 esset?
271 4242 339 4313 quid
358 4251 413 4295 turn
423 4244 566 4298 Christus?
581 4243 668 4296 “mihi
684 4246 731 4315 qui
744 4244 825 4296 fidem
835 4242 927 4304 hebet,
945 4243 1025 4303 viret,
1045 4240 1152 4294 etiarnsi

63 4321 186 4364 mortuus
205 4314 258 4376 sit,
284 4315 353 4366 sicut
381 4324 460 4384 pater
477 4317 587 4367 suscitat
610 4324 638 4367 et
662 4317 691 4367 in
716 4316 797 4366 vitam
820 4321 926 4365 revocat
953 4312 1095 4374 cadavera,
1113 4312 1152 4363 itu

62 4383 137 4433 filius
160 4400 372 4454 quoque,quos
396 4386 446 4454 ipsi
466 4386 567 4453 piacet,
597 4403 676 4438 nemo
708 4386 792 4436 fitium
822 4385 912 4442 novit,
931 4383 1151 4453 nisiprrter,ncc

62 4463 168 4525 patrem
187 4456 330 4525 qnisquam
349 4454 425 4521 vitii,
442 4457 497 4510 nisi
515 4455 586 4510 filius
608 4466 637 4511 et
661 4458 683 4509 si
703 4458 745 4508 cui
760 4454 864 4523 detegit
883 4451 980 4507 filius⁸
1015 4454 1069 4506 ism
1085 4469 1149 4507 τετε
