2752 5092
162 140 223 239 ,δι
484 175 657 241 ononou
689 170 934 236 paulumne

168 352 263 398 σατο·
305 323 430 403 στειλας
452 319 553 401 stiriis
573 323 618 401 ώς
637 325 672 389 ἐκ
694 322 866 408 προσώπου
887 319 1086 405 τοῦπατρὸς
1106 344 1265 405 προσεκα-

168 434 302 509 λέσατο,
324 421 416 502 οὗτος
437 427 472 490 δὲ
491 421 535 510 μη
549 423 643 498 εἰδώς
663 419 702 486 τά
724 420 875 503 γενόμενα
892 424 926 485 ἔν
948 421 1063 510 α’καιιάᾳ
1084 421 1189 487 ἐλθών
1208 424 1267 489 κατ’

167 525 316 602 πιασθεδς
338 527 391 590 ὑπ’
415 526 512 590 αὐτοῦ
531 521 704 606 άπτιινάγη,
735 520 792 585 καί
819 518 923 598 οὕτως
941 521 1124 605 ἀμερίμνως
1144 523 1265 605 διῆγεν.

168 625 212 703 ώς
235 628 271 692 δὲ
294 625 331 692 τό
353 623 411 708 ἔαρ
433 617 550 709 ἤγγικε,
578 618 680 687 πάντα
698 618 752 685 τὸν
771 617 908 703 στρατὸν
928 616 1027 685 αὑτοῦ
1045 620 1265 706 συναθροίσας

168 725 225 792 καὶ
242 728 277 791 ἐν
300 728 342 813 τῇ
371 722 460 814 Ἀσίη
481 719 643 807 περάσας,
675 721 722 796 εἷς
742 717 799 803 τήν
820 717 989 803 Ἀρμενίαν
1012 715 1136 801 ἐλθών,
1167 724 1294 790 πολι-6

166 824 273 912 μηοας
286 825 393 891 πᾶσαν
412 825 575 906 δκυρίτυσι
595 818 651 884 κατ’
662 817 737 895 τούς
749 818 900 902 Κολχοδς
912 817 1110 903 ἐτρσπώσατο
1129 816 1184 883 καὶ
1203 816 1265 901 τήν

97 918 98 921 ¹
156 916 337 1008 Ἀμαστριν
356 921 412 987 κατ’
430 919 485 988 τάν
507 921 635 1005 α’μηρᾶν
656 920 758 1003 αάτῆς
776 916 832 984 τὸν
850 924 957 984 Λῖνου.
999 912 1069 983 εἶτα
1092 917 1264 1002 στρατεύει

166 1022 247 1089 κατά
268 1025 328 1090 τοῦ
348 1023 457 1107 άμηρᾶ
486 1019 672 1105 Σαρκάνου,
701 1021 774 1106 νικηῖ
793 1013 893 1084 αάτάν
911 1040 945 1083 τι
971 1020 1028 1082 καί
1055 1014 1112 1082 τὸν
1131 1017 1266 1102 άμηράν

165 1125 310 1198 Maedis.
352 1122 412 1185 τοῦ
435 1122 470 1185 δὲ
494 1110 700 1206 φθινοπώρου
725 1115 929 1196 ἐπιστάντος,
949 1119 1009 1181 τοῦ
1029 1118 1186 1200 χτιμώνος
1208 1117 1264 1181 ἕλ-

165 1219 235 1287 θών
255 1216 336 1285 τιατά
357 1222 415 1285 τοῦ
437 1217 553 1302 Θεχόιι
572 1217 682 1300 άμηρᾶ
710 1218 768 1280 καὶ
786 1216 965 1299 Μεδάνου,
987 1213 1117 1299 νικήσας
1138 1213 1313 1292 adonaisan

57 1346 58 1349 ¹
164 1320 221 1386 soi
252 1321 367 1397 διώξας
386 1318 442 1382 κατ’
466 1313 575 1399 κάρτος
594 1319 650 1401 τῆς
672 1315 777 1380 ου’τών
804 1316 909 1400 α’ρχῆς
933 1310 1037 1399 πάσης
1058 1318 1179 1399 ἐγένετο
1205 1318 1265 1382 κατ’

163 1417 221 1494 τάς
239 1425 391 1500 γυναῖκας
413 1419 469 1482 καί
486 1416 581 1481 τέκνα
602 1416 707 1481 αάτών
725 1412 953 1502 ᾐχμαλώτισεν.
994 1407 1062 1478 εἶτα
1082 1415 1117 1478 ἒν
1134 1417 1174 1500 τῇ
1193 1415 1265 1482 Eo’·

164 1517 256 1605 ρώπη
278 1508 376 1593 αὖθις
394 1519 588 1600 ἐπιστρέψας
607 1511 810 1598 ἑκστραττάει
829 1508 910 1579 κατά
929 1516 992 1579 τών
1014 1515 1181 1600 Ου’γγρών,
1206 1518 1267 1582 κατ’

165 1612 253 1695 άπαξ
280 1618 335 1683 κατ’
363 1618 413 1692 δδς
445 1612 566 1690 αάτοδς
591 1614 733 1698 ἐνίκησε,
761 1609 818 1677 κατ’
839 1616 896 1696 τῆς
924 1613 1132 1699 Ἀλβανητιάς
1161 1617 1266 1696 μέρος

166 1714 336 1782 ἕδοάλοοστ.
375 1713 432 1781 καὶ
451 1713 531 1779 κατά
552 1717 612 1780 τοῦ
631 1712 766 1793 Μιλτζα
786 1715 846 1777 τοῦ
865 1713 921 1798 τῆς
940 1714 1086 1795 Βλαχίας
1107 1705 1286 1797 άρχσντοςι

166 1815 349 1900 στρατεύει,
369 1809 469 1880 notor
488 1837 521 1879 τι
541 1810 635 1879 τόπον
662 1814 841 1898 ζημιώσας,
863 1807 934 1878 εἶτα
957 1812 975 1877 δ
996 1814 1143 1894 Μιλτζας
1161 1805 1265 1898 η’λθεν

165 1918 212 1990 εἷς
231 1913 342 1999 μάχην
363 1910 507 2000 φανεράν
528 1912 562 1979 ἕν
580 1937 642 1978 τινι
667 1912 752 2002 τὸπηι
774 1911 934 2001 δυσκόλῳ,
956 1911 974 1977 δ
999 1912 1133 1998 α’μηροῖς
1146 1915 1183 1979 δὲ
1203 1937 1264 1995 με·

166 2014 313 2079 misatur
329 2010 365 2078 τὸ
386 2016 444 2078 τοῦ
462 2012 562 2078 τόπου
586 2010 756 2098 άτάχημα,
775 2011 832 2098 την
851 2011 960 2097 μάχην
983 2009 1165 2077 καταλιπών
1189 2012 1264 2075 dus·

164 2110 322 2198 χώρησεν.
378 2107 511 2197 ὕστερον
538 2115 585 2189 οἷς
613 2112 790 2196 συμβάσεις
817 2108 965 2188 ἐλθόντες
972 2161 982 2196 ,
1004 2114 1092 2189 τέλος
1112 2108 1263 2189 ἔταξενὸ

170 2214 317 2292 Μιλτζας
338 2211 462 2278 διδόναι
478 2215 577 2302 αὐτῷ,
593 2215 649 2278 κατ’
666 2212 862 2297 οἷρηνευσαν,
881 2214 937 2277 καί
957 2213 993 2276 ἐκ
1010 2212 1074 2276 τών
1095 2213 1359 2279 transtu-20

167 2314 314 2396 pila'vroev
334 2310 604 2396 τῆςΒουλγαριάς
623 2310 679 2376 καί
691 2311 827 2394 Σερβάας
847 2308 948 2376 πολδν
967 2309 1060 2376 τάπον
1079 2306 1184 2393 ἔλαβε.
1206 2315 1264 2378 καὶ

166 2406 249 2490 μετά
270 2412 329 2474 τοῦ
347 2410 504 2492 βασιλέως
523 2413 579 2496 τῆς
591 2413 772 2495 Γερμανίας
783 2410 994 2495 Σιγισμάνδου
1011 2409 1148 2493 πόλεμον
1168 2411 1264 2499 ποιη·
1358 2465 1361 2481 ,.

240 2608 266 2662 7.
283 2591 413 2650 lvdtrour
429 2590 473 2657 M,
494 2592 630 2659 δνδηνουν
648 2595 676 2646 P.
692 2593 755 2648 vide
772 2593 850 2647 inira.
937 2615 963 2668 ρ
980 2595 1124 2669 μαεδέτΡ
1222 2613 1265 2651 το.

239 2663 400 2800 ηιῐὶχιηηαλέρ
449 2664 610 2736 μεθεύουΡ
715 2665 756 2720 ι6.
773 2681 804 2718 τε
820 2665 904 2717 ont
991 2659 1132 2724 tinnivit
1220 2684 1264 2720 aa.
1336 2676 1337 2679 ’

173 2903 283 2968 audita,
307 2902 362 2956 sibi
386 2901 510 2967 obesset,
528 2901 649 2954 fraudem
669 2903 886 2955 comminiscitur.
909 2906 1000 2958 statim
1018 2905 1110 2970 misit,
1134 2907 1183 2976 qui
1202 2922 1266 2959 enm

173 2984 303 3045 tanquam
315 2974 400 3044 patris
419 2976 530 3026 nomine
548 2983 719 3025 arcesserent.
737 2974 795 3038 ille,
813 2991 899 3025 rerum
919 2978 1027 3045 ignarus
1044 2993 1095 3028 nec
1112 2977 1266 3048 quidquam

174 3045 322 3099 formidans
340 3046 419 3109 mali,
447 3045 540 3108 adest,
564 3043 773 3114 comprehensus
792 3046 983 3113 strangulatur.
1003 3047 1041 3099 ita
1061 3047 1189 3119 deinceps
1210 3051 1267 3103 sol-

175 3116 318 3168 licitudine
341 3133 441 3168 vacuus
469 3117 622 3176 Bainzctes,
649 3131 712 3166 vere
740 3117 985 3187 appropinquante,
1004 3120 1096 3188 copiae
1119 3136 1214 3173 omnes
1238 3120 1286 3189 in,

176 3205 261 3238 arnum
289 3187 410 3257 colligit,
431 3195 514 3257 atque
542 3186 571 3236 in
590 3186 678 3237 Asiam
701 3187 842 3249 traiectus,
865 3188 1067 3257 impressionem
1086 3189 1152 3241 iacit
1169 3192 1198 3242 in
1216 3187 1281 3242 Ar?

176 3259 293 3309 meniam
313 3267 452 3328 totamque
470 3257 521 3308 sibi
544 3255 664 3308 subiicit.
682 3255 755 3308 idern
774 3255 887 3309 Colchos
906 3258 999 3311 domat
1018 3268 1101 3330 atque
1118 3261 1273 3314 Amastrina

178 3337 207 3380 ct
224 3329 305 3380 liuius
322 3329 398 3380 urbis
417 3345 549 3391 ameram,
566 3327 674 3379 Diuum.
693 3325 794 3378 deinde
812 3335 904 3379 contra
922 3329 1064 3381 Sarcanem
1083 3347 1199 3383 arueram
1216 3331 1233 3382 d
1266 3380 1267 3386 ,

177 3407 222 3451 cto
242 3399 380 3462 exercitu,
404 3400 492 3468 ipsum
518 3407 546 3450 et
562 3398 687 3459 Maddes,
715 3398 797 3448 alium
826 3415 954 3464 arueram,
971 3399 1100 3455 devincit
1118 3410 1250 3455 nuetumn

177 3477 305 3537 vergente
324 3478 353 3522 et
368 3470 437 3521 inita
454 3468 544 3522 hieme
560 3468 747 3521 Thechoeium
775 3476 804 3520 et
820 3468 975 3523 Methenem
993 3489 1096 3524 amerus
1113 3489 1220 3542 aggress

178 3541 244 3612 ipsis
261 3540 339 3592 victis
359 3557 390 3591 ac
410 3540 525 3607 iugatis,
550 3546 607 3591 tota
631 3556 724 3591 eorum
749 3545 821 3591 terra
840 3541 960 3609 potitur,
979 3559 1075 3595 uxores
1094 3559 1152 3593 curn
1171 3542 1231 3594 libe

177 3614 208 3665 ia
226 3612 384 3663 servitutem
402 3613 481 3680 rapit.
498 3620 555 3663 tum
581 3611 609 3660 in
630 3611 764 3680 Europam
784 3627 920 3675 reversus,
945 3613 975 3664 in
1000 3613 1141 3683 llungaros
1158 3630 1232 3677 mov,

178 3699 281 3752 eosque
297 3682 383 3732 semel
406 3691 489 3750 atque
516 3682 614 3733 iterum
634 3681 738 3744 vincit,
763 3698 794 3732 ac
811 3690 916 3751 partem
934 3684 1052 3754 aliquam
1072 3684 1205 3736 Albaniae

178 3762 268 3821 cnpat.
297 3751 369 3803 idem
394 3751 520 3803 adversus
536 3751 666 3814 Miltzam,
686 3751 813 3803 Blachiae
832 3754 998 3822 principem,
1015 3755 1164 3825 profectus,
1184 3773 1211 3807 m

180 3825 241 3876 loca
261 3822 320 3875 eius
344 3830 436 3885 vexat,
464 3822 514 3874 scd
547 3839 630 3894 quum
650 3821 684 3873 ad
702 3824 800 3874 iustum
820 3825 952 3892 proelium
973 3826 1002 3876 ia
1023 3827 1112 3876 locum
1132 3842 1207 3896 quen

181 3896 319 3947 difficilem
335 3894 443 3945 Miltzas
461 3892 604 3961 prodisset,
622 3892 835 3946 incommoditati
854 3894 906 3945 loci
927 3894 1035 3957 cedens,
1054 3897 1150 3947 omissa
1169 3914 1189 3966 p

182 3968 300 4017 revertit
316 3973 412 4034 postea
431 3963 465 4014 ad
484 3965 621 4033 pactiones
639 3973 749 4016 ventum
768 3973 818 4029 est,
838 3965 939 4033 quibus
951 3966 1057 4017 llliltzas
1075 3967 1180 4018 tributu

182 4053 328 4108 pensurum
352 4050 380 4088 se
399 4051 457 4087 esse
482 4035 614 4105 promisit,
637 4043 665 4086 et
692 4052 745 4104 pax
771 4036 905 4089 convenit
940 4035 1014 4088 idern
1034 4052 1048 4088 s
1068 4037 1135 4090 locis
1156 4054 1186 4091 rc

983 4117 987 4144 l
