2760 5092
1189 425 1214 484 O

442 611 520 672 tus.
542 613 596 673 ιν.
632 610 721 674 cau.
746 616 797 672 rv.
1088 579 1173 698 357

79 777 138 827 νας
161 755 218 819 καί
236 750 448 839 διδασκάλους
478 758 535 822 καί
563 759 704 842 κήρυκας
733 760 792 823 τοῦ
823 757 1007 840 εὐαγγελίου
1037 761 1094 823 καί
1120 761 1177 825 τοῦ

79 849 237 933 σ’νδματσς
258 850 374 920 αδτοδ.
418 855 474 921 καί
493 859 641 939 λαβόντες
673 856 702 922 οἱ
724 852 839 934 πάντες
858 857 893 921 τό
916 859 1098 940 εδαγγίλιον
1116 881 1175 942 με·

76 953 242 1033 τίγραψαν
272 956 329 1017 καί
350 950 436 1037 εἶχον
469 949 549 1021 ου’τὸ
575 951 621 1033 εἷς
643 956 791 1038 ἕκαστος,
824 954 880 1020 καί
906 950 1095 1038 άνεγίνυσκε
1121 955 1177 1022 καί

77 1051 238 1132 ἐμάνθανε
261 1057 317 1117 καί
335 1052 519 1133 ἐδιδάσκετε
532 1058 589 1119 καί
605 1054 793 1139 προσεκύνει
806 1055 847 1121 τά
869 1057 904 1121 ἐν
926 1056 1015 1145 αὐτῷ
1035 1057 1175 1139 γεγραμ-

47 1153 166 1233 iutra.
185 1154 242 1217 καί
255 1147 355 1231 οὕτως
370 1156 502 1238 διεδόθη
518 1157 564 1231 εἷς
577 1157 630 1220 τὸν
651 1151 777 1222 ἅπαντα
798 1154 916 1238 κόσμον
930 1154 965 1218 τί
982 1155 1173 1237 εδαγγέλιον,

74 1254 134 1316 καί
152 1244 237 1334 εἶχον
255 1252 334 1316 naiso*
350 1251 464 1328 πάντες
482 1252 512 1318 οἱ
533 1256 750 1331 κατοικοῦντες
769 1253 826 1339 τήν
835 1260 910 1339 γήν.
934 1251 996 1319 uni
1017 1255 1094 1337 γοῦν
1115 1257 1174 1317 τοῦ

75 1353 223 1435 Χριστοῦ
241 1350 301 1427 ἕως
319 1345 358 1417 οὗ
380 1347 495 1438 ήρξατσ
519 1354 680 1420 διδάσκειν
701 1350 888 1435 ὅΜωάμεθ
906 1357 1071 1438 παρῆλθον
1093 1351 1172 1434 χρά-

72 1472 123 1514 νοι
143 1451 286 1514 ἐπέκεινα
304 1453 367 1516 τῶν
399 1457 628 1518 πεντακοσίων·
680 1451 760 1532 μετά
785 1456 820 1517 δὲ
843 1452 899 1535 τήν
919 1450 1095 1536 α’νάγνωσιν
1114 1440 1172 1514 τοῦ

72 1549 258 1630 εὐαγγελίου
292 1551 355 1614 τῶν
388 1550 599 1615 πεντακοσίων
630 1548 757 1633 χρόνων
776 1554 824 1626 τίς
857 1549 986 1630 ἔμελλεν
1004 1550 1172 1633 τολμήσειν

25 1647 221 1728 κοέκβαλεῖν
239 1648 277 1711 τὸ
300 1653 356 1714 τοῦ
378 1647 536 1731 Molpa&
565 1643 666 1732 ὄνομα
698 1650 759 1714 α’πὸ
780 1655 839 1714 τοῦ
865 1647 1059 1734 εὐαγγελίου,
1082 1649 1170 1733 εἴπερ

70 1741 234 1830 εὖρίσκετο
254 1748 288 1812 ἐν
306 1749 394 1837 αὐτῷ
411 1754 644 1832 γεγραμμένους
678 1747 714 1814 τά
736 1753 796 1829 μὲν
819 1745 869 1814 δτι
893 1751 971 1831 μίαν
992 1751 1047 1814 καί
1072 1747 1173 1831 μάνην

70 1849 156 1924 λέξιν
177 1843 364 1930 άτολμήσας
380 1844 608 1932 προσθήσεινή
627 1851 772 1931 ἐκβαλεῖν
785 1849 822 1911 οδ
836 1848 970 1913 δύναται
984 1853 1076 1914 πλέον
1088 1827 1170 1917 tist-

70 1967 125 2019 νος
146 1944 361 2027 ὀνομάζεσθαι
384 1945 603 2030 Χριστιανός·
628 1946 664 2013 τά
688 1951 723 2012 δὲ
743 1944 793 2011 δτι
811 1947 897 2031 εἴπερ
919 1951 978 2012 καί
994 1972 1043 2023 τις
1064 1947 1168 2028 κακός,
1238 1977 1243 1983 ·

69 2040 287 2127 δπυβοίμεθα,
309 2048 438 2126 ἐξέβαλε’
450 2071 518 2111 τινα
540 2053 623 2126 λέξιν
643 2045 707 2111 nimi
729 2051 786 2112 τοῦ
806 2051 1002 2131 εδαγγελίου,
1025 2047 1041 2110 δ
1061 2047 1168 2132 ἕτερος

21 2138 158 2219 ιὸάπας
185 2143 302 2223 κόσμος
332 2145 562 2229 ἀκολουθήσειν
588 2144 699 2227 ἔμελλε
730 2149 773 2234 τῷ
802 2150 859 2212 τοῦ
881 2143 950 2223 ἑνὸς
970 2143 1169 2230 α’τοπήματι;

69 2244 197 2319 πάντως
216 2244 298 2328 ου’χί.
348 2242 410 2307 άπὸ
438 2250 514 2328 γοῦν
535 2245 644 2311 τούτου
667 2241 878 2332 ἀναφαίνεται
906 2242 954 2312 άτι
977 2248 1035 2309 otiu
1057 2239 1096 2329 ήν
1115 2268 1168 2328 γε·

67 2345 251 2426 γραμμένον
284 2339 320 2408 τὸ
339 2334 437 2425 ὄνομα
465 2347 522 2416 τοῦ
543 2342 701 2425 Mucius&
726 2348 761 2410 ἐν
781 2349 825 2434 τῷ
855 2348 1038 2432 εὐαγγελίῳ.
1081 2338 1169 2428 ήοδς

67 2441 166 2507 καλὸν
184 2439 295 2525 ἔμελλε
308 2442 524 2528 μαρτυρήσειν
544 2443 560 2506 δ
577 2442 716 2527 Χριστὸς
729 2445 847 2509 ἐκεῖνον
870 2439 892 2528 ή
909 2443 952 2520 ὥς
973 2443 1087 2507 κακόν·
1110 2445 1168 2506 καί

66 2542 100 2607 εἰ
129 2545 188 2623 μὲν
228 2542 272 2616 ὥς
299 2539 408 2623 καλόν,
444 2539 573 2622 ἔμελλον
606 2543 794 2625 ἐκδέχεσθαι
822 2540 934 2617 πάντες
962 2538 993 2605 οἱ
1020 2544 1164 2623 βασιλεῖς

14 2643 124 2726 ποτής
143 2642 209 2724 γῆς,
231 2641 346 2717 πάντες
366 2639 396 2705 οἱ
416 2640 587 2723 τοπάρχαι,
609 2637 723 2716 πάντες
744 2638 980 2725 σῖΧριστιανσί
997 2636 1050 2704 τὸν
1070 2637 1161 2725 παρά

66 2745 127 2807 τοδ
150 2742 297 2825 Χριστοῦ
331 2743 601 2824 μαρτυρηθέντα,
636 2741 689 2805 ἵνα
719 2738 841 2822 λάβωσι
866 2738 923 2823 τήν
950 2738 1013 2803 α’πὸ
1049 2735 1161 2803 τούτου

65 2839 246 2926 εδφέλειαν·
298 2841 330 2905 εί
357 2841 387 2906 δ’
414 2839 458 2918 ὥς
477 2836 590 2921 κακὸν,
611 2840 706 2904 πάλιν
727 2836 857 2924 ἔμελλον
876 2838 962 2924 ἔχειν
980 2837 1017 2904 τά
1038 2838 1160 2907 ἐκείνου

137 3040 163 3092 5.
183 3039 305 3108 διεσώθη
323 3039 343 3092 Ρ
453 3057 493 3110 ¹7·
515 3036 540 3113 ἢΙ
564 3041 605 3096 ἔτι
633 3043 711 3114 εἴπερ
728 3038 874 3111 εὑρίσκετο
899 3033 932 3096 τὸ
955 3038 1007 3096 τοῦ
1025 3036 1163 3111 Molpea

138 3109 229 3183 ὄνομα
247 3113 278 3167 ἐν
295 3110 334 3181 τῷ
351 3108 519 3182 εδαγγελίιρ,
537 3110 552 3177 ή
571 3112 687 3164 Alteras.
711 3112 809 3164 sufficit
829 3115 868 3173 ἔτι
888 3109 912 3176 ii.
1009 3127 1051 3162 aa.
1071 3109 1158 3168 πάλιν

135 3187 288 3255 προσέχειν
304 3186 333 3246 ἐξ
351 3180 437 3238 αὐτοῦ
455 3182 493 3244 ὥς
510 3183 759 3257 ἀποστρεφόμενοι
780 3174 818 3256 μή
835 3184 987 3256 sinuosius
1004 3182 1024 3234 P

63 3353 133 3406 bats
159 3353 209 3421 qui
236 3369 328 3406 omnes
361 3354 530 3422 evangelium
556 3353 608 3407 sibi
628 3355 818 3422 compararunt
842 3359 870 3404 et
892 3350 1108 3421 descripserunt,
1127 3366 1160 3403 ιε

64 3421 190 3492 legebat,
212 3423 341 3489 discebat,
360 3425 510 3477 docebatur
527 3433 555 3477 et
573 3424 704 3476 adorabat
724 3425 848 3493 quisque,
868 3439 939 3492 quae
958 3423 986 3495 iu
1006 3438 1037 3472 eo
1057 3420 1159 3490 scripta

65 3501 153 3546 eraut.
190 3494 228 3547 ita
253 3497 336 3563 igitur
363 3505 517 3565 pertulum
537 3495 628 3547 orbem
653 3504 782 3547 terrarum
801 3494 971 3560 evangelium
989 3491 1159 3558 divulgatum

64 3574 116 3627 est,
138 3572 251 3634 eratque
268 3568 297 3617 in
317 3567 442 3618 manibus
470 3568 606 3637 munium,
624 3568 672 3636 qui
689 3575 788 3616 terram
807 3562 978 3615 habitabant.
1016 3576 1031 3612 a
1050 3561 1159 3615 Christo

64 3644 156 3688 autem
176 3635 256 3687 adid
275 3646 397 3707 tempus,
418 3654 472 3707 quo
492 3637 660 3688 Mobametes
681 3636 778 3687 docere
796 3643 930 3703 coeperat,
958 3633 1023 3683 anui
1042 3634 1158 3702 amplius

64 3707 208 3777 quingenti
230 3709 439 3776 praeterierunt.
484 3708 538 3759 iam
566 3723 629 3759 vero
658 3722 741 3776 quum
770 3723 854 3757 annos
872 3704 1036 3775 quingentos
1055 3703 1156 3756 lectum

63 3786 139 3829 esset
158 3779 344 3846 evangelium,
372 3780 433 3848 quis
452 3777 612 3830 Mohametis
630 3793 728 3831 nomen
752 3776 816 3828 inde
846 3776 944 3827 eiicere
962 3791 1043 3825 ausus
1063 3777 1114 3837 sit,
1132 3776 1156 3827 si

63 3848 174 3918 quidem
193 3849 220 3899 iu
241 3866 273 3901 eo
294 3851 422 3919 scriptum
441 3848 543 3902 suerit?
578 3865 641 3899 uam
664 3850 780 3918 primum
799 3847 846 3917 qui
874 3847 917 3897 vel
935 3862 1017 3897 unum
1035 3847 1155 3897 vocabu„

62 3918 121 3971 lum
141 3918 242 3970 addere
260 3930 308 3972 aut
325 3920 433 3973 demere
450 3920 577 3983 voluerit,
595 3935 651 3970 non
670 3919 724 3970 iam
745 3919 847 3988 poterit
864 3916 1031 3969 Christianus
1048 3916 1156 3981 heberi;

63 3988 166 4041 deinde
185 3989 240 4051 fac,
264 3992 365 4042 malum
393 3992 548 4062 quempiam
572 3988 708 4040 homiuem
725 3988 885 4041 vocabulum
910 3985 1023 4057 aliquod
1042 3987 1156 4038 eiecisse

63 4075 99 4112 ex
118 4060 271 4128 evaugelio:
290 4081 355 4114 num
369 4062 490 4132 reliquus
508 4070 581 4114 totus
600 4060 673 4111 orbis
690 4068 820 4111 terrarum
839 4059 919 4110 huius
934 4059 1013 4109 unius
1032 4056 1156 4107 fraudem

62 4130 245 4214 probaverit?
263 4134 375 4184 minimo
393 4134 524 4202 prolecto.
560 4130 626 4183 hinc
644 4131 726 4199 igitur
743 4138 836 4200 patet,
853 4147 908 4181 non
926 4129 1053 4196 scriptum
1072 4127 1156 4178 fuisse

63 4218 94 4253 sn
114 4203 254 4270 evangelio
275 4220 374 4254 nomen
394 4203 566 4255 Mohametis.
604 4201 705 4254 deindo
723 4209 770 4253 aut
789 4201 891 4252 bonum
910 4207 958 4249 aut
975 4197 1074 4247 malum
1094 4212 1156 4248 euru

62 4272 251 4341 appellaturus
270 4283 328 4326 erat
346 4273 482 4326 Christus:
514 4274 536 4324 si
561 4273 674 4337 bonurn,
694 4289 786 4324 ornnes
811 4287 887 4338 reges
916 4267 990 4320 orbis
1009 4276 1156 4330 terrarum,

63 4359 158 4394 omnes
188 4344 341 4413 principes,
371 4361 464 4395 omues
483 4342 628 4395 Christiani
650 4361 666 4394 a
690 4343 798 4395 Christo
825 4340 967 4411 probatum
994 4337 1156 4407 prophetam

62 4414 213 4482 amplexuri
233 4424 318 4477 erant,
340 4424 371 4467 ut
387 4415 502 4466 fructum
524 4431 556 4465 ex
575 4430 608 4465 eo
626 4414 815 4483 perciperent3
832 4413 875 4462 sin
896 4408 1006 4469 malurn,
1023 4409 1156 4461 servaturi

63 4493 141 4539 eraut
158 4484 269 4550 iudicia,
289 4484 362 4540 unde
375 4502 436 4538 eura
453 4493 656 4554 cognoscerent,
677 4493 705 4537 el
723 4482 837 4546 canturi,
854 4496 889 4533 no
904 4479 1065 4534 laberentur.
1087 4496 1156 4535 neu-
