2746 5084
434 599 510 661 εεε
532 600 585 660 iv.
617 595 793 663 ctnxv.
833 630 835 633 -
1070 569 1157 689 387

58 742 185 834 σιλιέεση
206 741 304 812 ἔδωκε
322 747 407 830 τύχα
418 744 490 813 τινὰ
509 744 644 830 κύστρα,
668 742 784 832 sinapi
804 749 934 834 α’μηροῖς
953 747 988 816 ἐν
1010 750 1160 840 τήΜπό-

57 870 119 933 σνρι
142 850 281 929 κέκτητο.
303 849 405 935 Μαΐῳ
425 848 462 912 δέ
483 845 520 910 ιε’
541 849 600 911 τού
619 846 721 912 αύεού
750 845 840 924 ἔτους
865 846 883 909 ὅ
905 849 1035 934 οἷμηρᾶς
1053 876 1158 937 παρα·

57 947 183 1030 γέγονεν
203 946 250 1020 εἰς
268 942 327 1031 τήν
340 945 594 1030 Πελοπόννησον,
617 948 675 1011 καί
692 947 739 1022 εἰς
758 945 816 1032 τήν
827 945 992 1032 Κόρινθον
1012 954 1158 1016 καταλεύ-

59 1062 127 1126 ψας
147 1043 286 1130 στρατὸν
303 1037 555 1129 περεεκύκλωσεν
574 1043 880 1132 αύτήνπολιορκαῑν·
925 1047 1026 1125 αύτύς
1045 1053 1083 1117 δὲ
1106 1053 1161 1117 ἐλ-

30 1143 129 1221 tede
148 1147 182 1210 ἐν
203 1148 248 1232 τῷ
266 1147 354 1234 μέσῳ
374 1149 431 1211 τοῦ
448 1143 549 1211 τόπου
569 1145 625 1211 καί
642 1143 747 1212 πάντα
774 1143 816 1211 τύ
837 1143 939 1212 ἐκεῖσε
959 1149 998 1214 τοὶ
1020 1154 1080 1232 μὲν
1099 1154 1161 1240 η’χυ

58 1247 250 1325 μαλωτευσε
278 1244 319 1311 τοὶ
338 1248 374 1311 di
403 1245 541 1332 ἠφάνισε
567 1243 624 1311 καὶ
650 1249 822 1331 ἐνέπρησε,
854 1250 1022 1331 ἐξαιρέτως
1043 1252 1080 1315 δέ
1101 1250 1161 1335 τήν

52 1338 224 1428 Ἆκωβαν,
244 1342 299 1410 τὸν
316 1333 427 1411 Ἀετὸν
455 1348 512 1410 καῖ
528 1342 567 1410 τύ
588 1347 813 1430 Πενταχυρῖα.
856 1347 1005 1414 κάκεῖθεν
1021 1348 1188 1428 ἐξελθύνῐε

60 1444 139 1508 κατὰ
162 1446 220 1509 τοῦ
242 1447 396 1528 Μοχλῖου
417 1441 605 1531 ἐπέδραμεν,
633 1449 689 1512 καί
708 1444 727 1510 o‘
746 1443 816 1512 τότε
837 1448 939 1512 ἐκεῖσε
960 1446 1162 1532 ἡγεμονεύων

59 1541 178 1608 ἔδωκεν
199 1540 276 1608 αύεύ
296 1546 367 1627 μετ’
386 1546 513 1630 εἰρήνης
533 1546 579 1631 τῷ
598 1546 719 1635 α’μηρᾷ,
743 1545 761 1611 ὅ
782 1548 1004 1631 καλοκαγοθύς
1025 1546 1163 1635 Ἀσύνης

17 1669 53 1711 ιο
61 1639 257 1728 Δημήτριος.
305 1645 362 1709 καί
387 1647 432 1733 τῷ
449 1645 570 1734 Ἰουλίῳ
596 1645 675 1731 μηνὶ
693 1647 753 1711 τού
780 1641 881 1712 αύτού
903 1645 995 1726 ἔτους
1015 1651 1163 1716 κάκεῖθεν

60 1742 158 1808 πάλιν
178 1746 376 1829 ἐπιστρέψας
397 1745 415 1808 ὁ
436 1744 565 1828 ύμηριῖς
591 1750 639 1822 εἰς
657 1745 824 1831 Κόρινθον
843 1744 964 1830 ἔπεσεν,
985 1746 1026 1834 ἢν
1046 1747 1085 1836 δή
1108 1753 1167 1815 καί

61 1843 241 1908 δεδώκασιν
271 1845 361 1933 αύτῷ
382 1841 413 1910 οἱ
442 1853 580 1927 γενναῖοι
598 1838 752 1929 ἄρχοντες
771 1839 848 1912 ἄνευ
870 1846 1052 1933 ἀντιλογίας
1071 1848 1165 1931 τινός,

61 1942 240 2029 ύἈσύνης
260 1947 438 2021 Ματθαῖος
459 1947 555 2028 λέγω,
585 1943 602 2010 ὁ
632 1942 887 2034 γυναικύδελῳος
916 1951 975 2013 τού
1006 1948 1164 2016 δεσπότου

59 2042 337 2129 κύρΔημητριόυ,
359 2042 432 2122 vide
453 2047 490 2110 δὲ
503 2045 642 2111 Παύλου
667 2047 726 2111 τού
743 2045 874 2131 Ἀσύεη,
894 2047 930 2114 τό
952 2047 1091 2115 παλαιὸν
1110 2049 1169 2116 καὶ

4 2146 134 2213 ἐἐνέον
164 2143 280 2224 κακόν,
304 2140 398 2210 said
428 2141 600 2230 Λουκύνης
622 2147 817 2232 Νικηφόρος.
871 2152 977 2232 γε’γσεε
1004 2152 1040 2214 δέ
1067 2153 1166 2239 τούτο

61 2247 99 2309 ἐν
126 2241 205 2327 μήνι’
217 2240 395 2333 Αύγούστῳ
412 2247 453 2333 τῇ
475 2242 513 2320 ς’.
554 2237 600 2310 οἶν
628 2243 648 2309 d
671 2250 735 2327 μὲν·
752 2240 798 2323 εἷς
817 2245 1005 2331 ἡγεμόνευεν
1022 2251 1057 2314 ἐν
1076 2248 1168 2338 αὐτῇ,

61 2342 108 2418 ὥς
131 2343 176 2427 μή
200 2335 334 2429 ὤφελεν,
359 2344 377 2407 ti
399 2346 435 2409 di
452 2340 589 2430 ’Λσύνης
609 2339 649 2430 ήν
679 2346 914 2428 ἀπεσταλμένος
932 2351 1058 2437 σπονδῇ
1077 2348 1166 2435 πυροὶ

60 2448 125 2511 τοῦ
145 2440 297 2510 δεσπότου
319 2446 354 2510 ἐν
371 2446 462 2532 ου’τῇ,
481 2440 567 2521 ὅπως
585 2448 804 2531 χρηστοτέρας
826 2448 952 2534 φυλάξῃ
971 2445 1030 2532 τήν
1052 2447 1167 2514 πόλιν·

60 2539 206 2619 εῆῗκεῖνος
232 2545 268 2612 δὲ
284 2546 530 2628 συντομωτέρως
551 2547 737 2630 παρέδωκεν
755 2545 868 2629 αύτήν.
921 2544 977 2611 καί
996 2548 1055 2611 osis
1076 2545 1165 2612 οἴδα-

29 2668 115 2711 οσιν
137 2639 187 2709 ἐτι
215 2643 322 2710 εἶκαὶ
352 2641 411 2728 τήν
437 2641 605 2728 Κόρινθον
632 2641 777 2724 ἔδυσαν,
808 2641 905 2728 δήλύν
935 2648 1002 2710 ἐστι
1026 2642 1113 2713 κατὰ,
1126 2644 1166 2711 τοὶ

59 2747 238 2828 πράγματα
265 2738 319 2808 ὅτι
347 2739 454 2828 ούσπερ
484 2741 608 2831 κεφαλή
631 2745 666 2809 ἐν
686 2748 729 2831 τῷ
749 2741 893 2827 σιύμστι,
914 2742 1167 2830 τοιουτοτρόπως

59 2848 119 2910 ειαύ
138 2846 172 2910 ἐν
191 2846 233 2932 τῇ
252 2840 487 2932 Πελοποννήσῳ
514 2839 573 2930 ἥδε
602 2840 623 2929 ή
650 2840 743 2921 πόλις
762 2838 838 2928 εἶχε.
881 2845 966 2928 τύχα
986 2848 1043 2911 καί
1063 2841 1167 2931 eipsco-

57 2944 174 3028 μοεικύ
198 2945 324 3031 εἰρήνης
347 2943 539 3030 πεποιήκασι
556 2939 637 3025 μετὰ
665 2942 899 3027 καταστάσεως,
921 2939 972 3009 ὅτι
992 2943 1087 3010 καὶὸ
1111 2946 1165 3013 de·

131 3126 213 3275 ,ιλμτύ
228 3123 334 3255 {prosp}
352 3129 462 3253 κύστῳῳ
479 3129 528 3255 ξε
556 3130 730 3254 Ιῳεποσεῖιτλ)
802 3146 828 3203 γ.
848 3131 1065 3206 πενεεχεῖρεαΡ
1133 3131 1161 3188 8·

189 3220 224 3255 υκ
257 3220 290 3257 εει
456 3237 463 3251 .
494 3219 540 3272 χε

61 3364 192 3419 torobuns
213 3372 242 3417 et
259 3363 349 3416 iocum
368 3363 463 3415 atium.
500 3362 611 3431 reginae
629 3362 742 3415 castella
760 3361 893 3433 quaedam
913 3363 976 3416 data
997 3369 1069 3425 sunt,
1089 3378 1161 3434 qnae

59 3454 167 3490 emeras
185 3438 215 3489 in
233 3440 320 3489 Bosna
339 3434 469 3487 habebat.
505 3433 572 3486 Maii
590 3433 636 3486 die
659 3435 688 3486 15
709 3434 832 3486 eiusdem
850 3435 915 3487 anni
939 3439 1041 3487 arneras
1061 3435 1090 3485 in
1109 3435 1161 3487 Pe-

59 3510 243 3579 loponnesum
260 3508 349 3572 venit,
375 3515 404 3566 et
421 3503 598 3568 Corinthum,
626 3505 748 3557 exercitu
774 3506 879 3568 relicto,
896 3506 1048 3576 oppugnari
1070 3505 1160 3569 iussit,

58 3582 130 3651 ipse,
148 3597 198 3649 per
213 3579 333 3633 inediam
350 3586 449 3631 terram
467 3575 627 3646 procedens,
649 3584 746 3628 cuncta
765 3583 814 3628 aut
833 3579 861 3629 in
879 3578 1036 3629 servitutem
1054 3575 1161 3646 redegit

59 3660 111 3703 aut
131 3650 234 3704 delevit
253 3659 282 3703 et
305 3648 471 3711 combussit,
489 3648 519 3699 in
545 3649 639 3717 primis
656 3647 789 3710 Acobam,
809 3647 906 3700 Attum
927 3657 956 3699 et
971 3647 1159 3715 Pentachyria.

58 3722 127 3775 inde
145 3739 301 3792 progressus
311 3721 461 3774 Mochlinm
476 3719 634 3781 incarnavit,
654 3735 736 3790 qnam
754 3716 848 3770 urbem
861 3719 974 3788 pacifice
986 3720 1030 3771 ilii
1046 3719 1161 3773 tradidit

59 3796 120 3847 eius
137 3802 194 3846 turn
213 3795 365 3864 praefectus
384 3792 503 3861 optimos
515 3791 667 3842 Demetrius
684 3791 796 3841 Asanes.
833 3790 905 3842 lulio
922 3802 1015 3843 mense
1032 3790 1097 3843 inde
1116 3807 1162 3844 re-

58 3881 154 3918 versus
171 3865 331 3917 Corinthum
350 3863 460 3915 adortus
480 3870 530 3925 est,
547 3878 628 3933 quam
642 3860 717 3913 hand
732 3867 891 3913 cunctantur
909 3863 936 3913 ei
955 3862 1091 3915 dederunt
1108 3863 1162 3915 dn·

58 3953 106 3989 ces
126 3935 283 3999 fortissimi,
301 3933 458 3988 Matthaeus
476 3932 594 3997 Asanes,
623 3931 708 3985 frater
734 3933 825 3985 uxoris
849 3934 982 3987 Demetrii
1010 3934 1160 4005 despotoe,

57 4008 134 4060 filius
151 4008 228 4059 Ponti
247 4008 353 4069 Asanis,
370 4005 446 4076 quod
468 4013 547 4057 vetus
568 4013 596 4056 et
614 4019 708 4057 recens
732 4004 834 4055 malurn
851 4005 921 4068 suit,
942 4015 971 4058 et
987 4004 1160 4075 Nicephorus

57 4078 192 4143 Lacones,
210 4080 310 4131 mensis
329 4077 444 4146 Augusti
464 4075 509 4128 die
528 4084 622 4138 sexto,
639 4092 755 4146 qnorum
776 4076 847 4127 alter
865 4077 970 4130 utinam
988 4093 1024 4128 ne
1043 4075 1160 4127 admini-

57 4156 173 4203 struset
190 4150 301 4213 urbem,
326 4165 408 4219 quam
431 4146 654 4210 administrabat,
674 4147 757 4210 alter,
784 4148 902 4212 Aeones,
925 4147 1018 4200 dedita
1038 4160 1122 4216 opere
1142 4161 1159 4195 a

57 4219 175 4291 despota
189 4225 285 4274 σείεται
304 4219 338 4271 ad
366 4219 526 4287 diligentius
555 4235 614 4270 eam
633 4217 779 4282 tuendam,
797 4220 879 4271 etiam
898 4220 976 4271 citius
995 4235 1054 4269 earn
1073 4215 1160 4268 tradi·

56 4291 112 4342 dit,
130 4293 200 4346 adeo
220 4291 390 4353 nesciebant,
408 4306 492 4359 quom
511 4289 671 4342 Corinthum
700 4288 853 4351 traderent,
871 4291 965 4341 urbem
985 4303 1014 4340 se
1032 4286 1159 4349 tradere,

54 4378 140 4433 qnae,
156 4366 179 4416 si
199 4382 255 4416 rem
274 4364 417 4415 aestimare
434 4361 513 4421 velis,
531 4361 560 4411 in
582 4362 772 4430 Peloponneso
789 4360 818 4411 id
837 4369 916 4423 esset,
934 4358 1009 4429 qood
1026 4366 1110 4428 capot
1128 4359 1159 4411 in

55 4448 174 4501 corpore
193 4444 243 4488 est·
262 4451 325 4486 mox
343 4434 425 4485 etiam
443 4432 597 4501 pactionem
616 4449 676 4483 cum
695 4440 864 4483 sacramento
885 4427 1160 4494 iecerunt,ut'1'ho·

55 4520 118 4558 snas
135 4505 249 4576 despota
267 4507 372 4560 Patron
391 4520 452 4558 cuni
469 4503 540 4556 iocis
557 4501 745 4557 adiacentibus
764 4501 899 4573 traderet,
916 4510 1059 4574 praeterea
1077 4500 1158 4556 Cala-
