2724 5114
280 614 362 678 eno
392 617 555 682 viamus
583 615 695 685 acus
721 621 926 687 nononis.
963 665 968 674 .
1063 593 1143 684 531

61 752 108 837 εἷς
128 763 192 826 τόν
210 782 262 827 σοι
281 761 463 842 προσόντων
484 765 639 850 α’φίκοιτό
653 773 723 835 ποτ’
749 773 795 847 είς
816 772 917 856 λήθην
936 767 1028 854 inde,
1049 775 1080 841 εί
1099 773 1145 860 μη

59 865 125 926 ταῖν
154 861 278 947 φρενῶν
307 865 466 944 ἐξέστηκεν
499 858 589 940 όλως.
638 868 700 947 ἐγώ
728 872 788 951 μὲν
808 861 866 935 οόν
891 870 947 936 καί
965 869 1146 958 σόνόακρυς

60 965 122 1028 σοῦ
139 962 333 1044 μεμνημένος
351 964 558 1044 καθίσταμαι,
572 965 627 1029 καί
641 963 678 1030 τό
697 967 889 1054 προφητικὸν
908 971 1016 1054 εἰπεῖν,
1038 970 1148 1051 σκότος

62 1062 176 1128 λεπτόν
193 1083 234 1141 με
258 1057 430 1144 καλύπτει,
461 1061 516 1127 καί
535 1066 742 1149 παραμυθίαν
770 1070 872 1152 ζητῶν
890 1068 990 1135 ended
1010 1093 1066 1150 μοι
1086 1068 1149 1134 πό-

34 1168 153 1242 5σχειν
173 1155 227 1222 καί
243 1155 317 1233 τούς
336 1148 452 1236 ἄλλους
470 1161 616 1243 εὑρίσκω.
666 1156 694 1228 ό
712 1165 779 1240 πῶς
799 1189 858 1231 σου
879 1164 938 1252 την
955 1168 1031 1249 πρίν
1055 1168 1150 1233 esino.

60 1261 161 1341 σμίαν
181 1252 356 1345 ἀφῄρησαι,
376 1260 470 1343 καίῆ
489 1260 671 1348 λαμπρότης
688 1265 823 1348 α’πὲσβη,
844 1269 899 1330 καί
918 1265 991 1342 τοός
1009 1264 1165 1350 ὁρῶντας,

61 1360 222 1443 κατηφιοῖν
234 1357 428 1441 ἀναγκάζεις.
440 1364 632 1443 συγκέχυται
644 1363 705 1447 γάρ
717 1385 768 1428 σοι
781 1363 896 1446 κόσμος
908 1363 926 1429 ό
940 1369 1151 1450 περικείμενος

62 1452 166 1537 ἅπας,
189 1455 244 1538 καί
262 1455 296 1520 τό
311 1454 421 1533 κάλλος
428 1508 439 1539 ,
462 1450 616 1547 ηλσαυτὴν
638 1471 766 1543 κοσμεῖν
780 1456 880 1545 εἶχες,
902 1463 1051 1550 ἐξαίφνης
1072 1465 1153 1528 α’πό-
1251 1521 1255 1528 .

63 1562 154 1620 λωλε.
176 1559 311 1640 θέατρον
324 1556 386 1640 γὰρ
400 1553 553 1641 πρότερον
566 1562 625 1640 μὲν
637 1554 789 1643 εὔδαιμον
802 1557 850 1646 ἧς,
864 1561 935 1628 νυνί
948 1567 983 1628 δὲ
996 1567 1059 1628 θέα
1073 1567 1153 1629 πᾶσι

16 1656 192 1738 ιογίγσνας
209 1657 394 1736 α’πευκταιά,
416 1658 472 1721 καί
488 1655 561 1733 τοός
581 1662 711 1724 ἐνοικεῖν
728 1655 894 1744 ἑλομένους
915 1684 966 1728 σοι
987 1664 1043 1726 καί
1060 1656 1153 1727 ἄκον-

62 1777 120 1828 τας
141 1753 329 1830 ἀπελαύνεις
341 1802 352 1836 ,
374 1753 453 1839 όροῖν
472 1779 511 1834 σε1
536 1756 581 1841 μή
605 1760 761 1844 φέροντας
780 1764 814 1825 όν
835 1762 991 1848 δυστυχίᾳ
1011 1758 1150 1846 τοιαότη.

64 1852 100 1917 οἳ
116 1852 176 1934 γόρ
197 1875 233 1916 σε
261 1851 380 1938 τροφόν
399 1853 507 1920 οἴδασι
527 1860 583 1920 καί
600 1860 740 1941 μητέρα,
765 1866 831 1935 τοῖς
851 1860 906 1926 ἐπί
922 1858 1021 1943 μητρί
1038 1881 1151 1923 κοπτο-

62 1954 169 2033 μένοις
198 1954 390 2041 α’ποιχομένη
414 1952 455 2018 τό
478 1957 683 2039 παραπλήσια
708 1958 828 2041 δρῶσι,
847 1961 902 2025 καί
921 1960 1095 2044 κατηφείας
1114 1979 1151 2022 σε

31 2114 32 2119 ,
63 2047 179 2127 πάντες
200 2054 363 2118 ποιοῦνται
386 2054 533 2137 διήγημα.
586 2047 614 2120 αἶ
642 2053 810 2140 παρόντες,
835 2055 896 2141 ἐγώ
927 2059 986 2141 μὲν
1014 2061 1069 2121 καί
1087 2059 1209 2144 edvin

17 2143 170 2218 ιόόλλων
191 2145 265 2217 όταν
287 2155 331 2229 εἷς
356 2151 482 2238 μνήμην
501 2148 568 2238 ἥκω
589 2156 645 2239 τῆς
666 2152 806 2239 πόλεως,
827 2161 952 2239 πολλῶν
973 2149 1074 2220 όντων
1096 2155 1153 2218 καί

60 2246 236 2341 μεγάλων,
256 2255 312 2316 καί
338 2243 383 2317 οἷν
402 2253 493 2336 λόγος
513 2253 617 2330 ου’δείς
646 2257 777 2337 ἐξαρκεῖ
797 2258 877 2343 πρός
898 2254 1050 2340 διήγησιν,
1071 2255 1152 2337 ίλίγ·

61 2371 122 2438 γου
142 2353 325 2433 πληροῦμαι
357 2354 412 2417 καί
437 2350 575 2432 ἐμαυτόν
594 2353 648 2416 ὕπ’
671 2352 814 2434 ἀθυμίας
843 2358 986 2436 κατέχειν
1007 2350 1067 2436 οὐχ
1085 2348 1152 2428 οἶός

60 2471 97 2514 τε
115 2449 252 2531 γίνομαι,
272 2450 364 2535 ῆνίκα
385 2453 416 2515 δ’
439 2444 479 2516 όν
500 2452 554 2516 καί
567 2451 623 2516 τόν
642 2448 809 2516 κάλλιπον
829 2447 864 2517 όν
881 2453 1077 2536 ἀποβέβληκε
1096 2447 1151 2515 κό·

61 2569 146 2628 σμον
165 2550 348 2630 λογίσωμαι,
374 2547 470 2630 νεοός,
490 2549 575 2636 φημί
599 2553 707 2625 θείους
725 2552 781 2613 καί
806 2548 845 2616 τοὶ
865 2548 945 2616 ’κατὰ
966 2551 1029 2615 πᾶν
1049 2549 1151 2632 αὐτῆς

9 2672 53 2715 ao
60 2649 160 2729 μέρος
174 2651 297 2727 σεμνῶν
316 2647 441 2733 α’νὸραῖν
460 2645 647 2732 καταγώγια,
660 2651 780 2734 μικροῦ
790 2651 845 2714 καί
856 2640 984 2736 ἄφωνος
1003 2655 1068 2723 τοῖς
1087 2672 1150 2713 πα·

62 2746 175 2827 pedore
196 2742 322 2829 ὁρῶμαι
353 2747 408 2813 καί
434 2748 526 2831 μόλις
556 2748 694 2831 ἐμαυτόν
723 2747 910 2826 α’νακτιόμαι
937 2749 993 2813 τοῦ
1013 2745 1148 2821 πόθους.

63 2841 242 2931 ὀφθαλμῶν
273 2845 334 2934 γὰρ
364 2849 462 2915 είπεῖν
489 2842 573 2934 ἦσαν
599 2840 687 2915 οὗτοι
713 2845 811 2932 βολαί
827 2867 863 2914 ae
891 2849 947 2912 καί
974 2849 1087 2932 γλῆναι
1107 2848 1149 2933 ιη’

61 3165 181 3220 unquam
199 3148 372 3202 obliviscetur
387 3149 493 3215 libens,
514 3150 543 3204 ni
569 3156 661 3204 mente
683 3157 778 3220 eaptus
794 3149 843 3203 abs
867 3157 896 3203 te
915 3165 1024 3221 prorsas
1040 3148 1147 3203 abierit.

60 3237 112 3288 ego
129 3236 192 3272 vero
203 3228 276 3274 totus
293 3222 409 3273 lacrimis
428 3238 596 3292 conspergor,
615 3221 679 3272 dum
698 3223 737 3273 tui
757 3219 892 3285 recordor,
911 3229 940 3273 et
957 3227 989 3273 ut
1006 3236 1064 3272 eum
1082 3237 1148 3290 pro-

59 3291 146 3361 pheta
165 3291 271 3362 loquar,
289 3292 404 3344 subtiles
420 3293 548 3345 tenebrae
568 3308 610 3344 me
628 3291 768 3360 obtegunt,
786 3299 815 3342 et
833 3291 1044 3344 consolationem
1061 3308 1147 3360 quae·

59 3379 122 3413 rens
141 3361 234 3414 eadem
255 3372 282 3416 et
299 3364 366 3416 alios
383 3365 490 3433 perpeti
509 3363 623 3431 reperio.
659 3379 677 3413 ο
695 3360 831 3432 quomodo
849 3370 897 3413 tuo
914 3361 1029 3429 pristino
1048 3360 1146 3414 decore

58 3433 179 3501 spoliata
205 3450 249 3495 es,
268 3442 296 3486 et
318 3434 448 3502 splendor
473 3435 639 3497 exstinctus,
659 3439 687 3485 et
707 3433 846 3483 intuentes
872 3446 992 3482 maerore
1017 3427 1145 3489 conticis!

58 3511 169 3555 ornatus
189 3505 262 3555 enim
274 3506 368 3568 omnis,
388 3506 436 3577 qui
450 3513 477 3557 te
490 3504 634 3566 ambiebat,
652 3501 828 3555 conturbatus
841 3509 896 3566 ειυς
914 3508 942 3552 et
959 3499 1146 3570 pulchritudo,

58 3582 160 3644 quate
181 3575 394 3639 condecoratas,
413 3584 532 3629 actutum
554 3575 639 3638 abiit,
662 3574 796 3626 theatrum
822 3571 956 3642 siquidem
972 3578 1051 3623 antea
1067 3571 1145 3637 felix,

56 3661 131 3694 nune
150 3646 275 3697 omnibus
292 3646 500 3698 abominandum
516 3645 696 3716 spectaculum
711 3643 817 3696 reddita
835 3657 876 3710 ους
893 3650 922 3694 et
941 3658 987 3694 eos
1006 3641 1054 3712 qui
1068 3649 1143 3694 tuam

56 3712 254 3768 habitationem
272 3718 410 3786 elegerant
427 3718 551 3769 nolentes
576 3716 670 3784 abigis,
687 3723 816 3784 tanquam
835 3714 882 3783 qui
900 3722 928 3766 te
945 3713 974 3764 in
994 3712 1077 3764 simili
1096 3730 1142 3766 ea-

54 3785 179 3838 lamitate
197 3788 290 3841 videre
311 3805 367 3839 non
385 3790 526 3840 sustinent.
562 3787 610 3856 qui
627 3787 700 3838 enim
717 3795 745 3836 te
757 3785 880 3836 altricem
897 3793 927 3835 et
944 3791 1057 3836 matrem
1074 3800 1142 3836 eon-

55 3856 176 3918 fitentur,
193 3858 305 3926 perinde
323 3875 352 3910 se
369 3866 466 3925 gerunt
482 3866 563 3926 atque
581 3858 624 3907 illi
640 3856 688 3925 qui
706 3863 817 3907 matrem
832 3852 999 3907 demortuam
1016 3857 1142 3918 efferunt,

55 3935 86 3979 et
103 3929 231 3981 maeroris
257 3938 284 3980 te
307 3930 487 3981 narrationem
509 3945 602 3981 omnes
627 3926 803 3979 constituunt.
849 3942 866 3976 ο
882 3925 1054 3994 praesentes!
1089 3941 1140 3993 ego

55 3996 183 4067 equidem
205 4008 233 4052 et
248 4017 336 4051 rerum
354 3999 468 4051 aliarum
488 4000 560 4051 urhis
580 3997 734 4050 memoriam
759 4013 820 4048 cum
838 3995 947 4061 recolo,
964 4013 1034 4066 quae
1052 3996 1140 4048 multu

54 4076 121 4122 eunt
138 4076 167 4121 et
182 4070 302 4139 ingentia
330 4079 358 4123 et
377 4070 486 4123 dicendi
511 4088 594 4139 genus
617 4082 697 4121 omne
721 4073 864 4136 superant,
892 4066 983 4120 statim
1004 4067 1138 4134 vertigine

54 4139 196 4209 opprimor
213 4151 241 4194 et
257 4158 300 4192 me
319 4143 407 4210 ipsam
427 4144 566 4194 continere
584 4156 648 4210 prae
668 4138 762 4191 dolore
779 4153 895 4208 nequeo.
931 4137 980 4190 sed
996 4144 1056 4188 etun
1073 4138 1137 4205 pul.

53 4208 211 4275 cherrimus,
229 4230 310 4284 quem
326 4214 427 4274 amisit,
445 4221 557 4264 ornatus
572 4210 656 4263 menti
674 4209 806 4271 occurrit,
829 4207 928 4270 aedes,
947 4209 1072 4276 inquam,
1093 4223 1136 4259 sa-

53 4297 116 4333 crae
135 4289 164 4334 et
181 4299 229 4352 per
239 4284 330 4335 omnia
342 4285 384 4334 sui
402 4284 461 4336 loca
476 4282 688 4334 venerandorum
703 4279 842 4332 hominum
854 4279 940 4341 sedes,
957 4284 1063 4343 laptum
1079 4295 1135 4330 non

54 4359 146 4406 mutus
164 4354 237 4409 vocis
260 4372 309 4407 usu
329 4355 426 4407 smisso
445 4352 612 4406 adstantibus
630 4351 738 4413 videor,
761 4358 790 4402 et
809 4351 856 4400 via
872 4365 915 4399 me
933 4365 967 4400 ex
987 4364 1019 4398 ea
1039 4347 1135 4399 turba-

52 4423 131 4488 tione
149 4424 232 4476 animi
258 4425 393 4495 recolligo.
430 4424 567 4477 oculorum
593 4424 664 4474 enirn
682 4421 731 4472 illa
750 4429 827 4472 erant
844 4418 914 4480 urbi,
931 4426 963 4470 ut
978 4418 1018 4470 ita
1036 4417 1133 4482 dicam,

52 4494 142 4548 iactus
159 4503 242 4569 etque
260 4497 397 4570 pupillsea
412 4502 443 4550 at
461 4492 769 4550 nuaeobdormisoeutia
785 4490 926 4560 obscuram
945 4489 1022 4548 illem
1045 4489 1132 4544 unde·
