2760 5092
220 249 308 341 '356
382 340 385 347 ,
535 265 709 344 onouuu
740 279 984 344 enemente

216 431 328 500 Ἀσίαν
349 433 406 495 καῖ
426 429 608 495 Αἷδιοπάιν
628 424 778 514 Περσόαν
800 450 835 493 τε
863 430 919 492 καὶ
933 427 1050 493 Ἰνδόαν
1076 428 1135 491 καί
1152 418 1314 513 Ἅραβάιν.

217 531 234 593 δ
258 532 294 596 δὲ
316 528 422 614 ἕτερος
443 525 587 614 Ἰωάννης
606 530 663 592 κατ’
680 525 780 603 αότός
795 528 988 612 Ἕλλήνικῶς,
1010 531 1066 590 καί
1084 524 1185 613 ἐδόθη
1207 531 1253 605 εἰς
1274 528 1312 606 τά

215 627 298 713 μέρή
318 630 373 714 τής
396 625 554 712 Εόροόπής
582 629 639 692 κατ’
667 625 727 702 τάς
754 626 870 711 νήσους
890 627 946 692 καί
962 623 1042 690 ἔνθα
1062 626 1264 712 εόράτκονται
1284 626 1315 695 οἱ

204 719 362 811 Ἕλληνες.
383 727 439 790 κατ’
453 721 552 811 οότιρς
565 722 698 810 διεδόθη
711 723 745 790 τό
762 711 946 809 εάόγγέλιον
959 730 1005 801 εἰς
1020 724 1074 791 τόν
1085 723 1201 808 κόσμον
1212 727 1314 794 ἀπαν·

216 852 256 892 τυ
277 827 318 890 ου’
338 821 418 908 μετά
451 828 525 907 βόας
555 826 630 890 ου’δέ
659 825 730 905 μετ’
758 818 892 908 ἀνάγκης
912 825 988 890 ου’δέ
1020 823 1101 906 μετά
1121 830 1235 912 ξίφους
1260 828 1357 895 κατ’5’

214 923 351 1010 σπόθής,
372 926 443 988 ἀλλ’
461 926 496 988 ἐν
520 916 625 1011 ἀγόπή
654 926 710 987 κατ’
730 921 890 1007 ἱλαρότητι
918 925 975 988 καί
995 926 1029 988 ἑν
1048 922 1237 990 ταπεινώσει
1259 925 1313 990 εό-

213 1029 355 1109 ράτκοντο
376 1018 579 1098 διδάσκοντες
612 1021 641 1086 οἱ
664 1020 835 1087 ἀπόστολοι
858 1020 912 1087 τὸν
937 1019 1029 1104 λόγον
1049 1026 1106 1088 τοῦ
1126 1029 1215 1089 θεοῦ.
1257 1029 1314 1091 κατ’

212 1123 444 1207 ἀπέστραπται
464 1117 502 1184 τά
524 1116 708 1204 πράγματα.
750 1119 891 1204 τῶνγὰρ
913 1115 1095 1187 ἀποστόλων
1108 1127 1313 1204 τυπτομένων

213 1223 471 1307 κολαφιζομὲνων
501 1220 752 1304 λοιδορουμένων
782 1222 982 1300 διωκομένων
1019 1218 1234 1288 διδασκόντων
1271 1223 1310 1287 οό

212 1325 381 1391 κατέπιπτε
403 1317 437 1384 τό
453 1316 610 1402 κήρυγμα,
630 1319 698 1383 ἀλλ’
722 1319 823 1407 ήμέρρι
843 1322 884 1407 τή
903 1318 1006 1408 ήμὲρρι
1027 1320 1237 1402 ἐμεγαλύνετο
1258 1319 1313 1386 καὶ
1323 1349 1357 1393 to

211 1421 364 1506 ηάξόνετο
384 1416 419 1484 τό
445 1421 504 1483 τοῦ
525 1423 671 1502 Χριστοῦ
698 1421 896 1502 εὐαγγέλιον.
946 1421 1003 1483 κατ’
1021 1421 1134 1484 ἐκεῖνοι
1157 1418 1188 1485 οἱ
1208 1419 1309 1487 πολλοὶ

211 1520 440 1598 σπουδάζοντες
461 1521 517 1583 κατ’
543 1516 643 1582 πολλὰ
667 1515 885 1593 κεκοπιακότες
905 1513 1049 1599 κολόψαι
1079 1518 1112 1584 τό
1141 1523 1199 1583 τοῦ
1228 1523 1314 1605 Χρι.

211 1623 290 1685 uteri
316 1612 434 1700 ὄνομα,
467 1621 520 1682 ἵνα
552 1615 597 1700 μή
630 1615 808 1704 ὁμολογήσῃ
840 1617 940 1682 αάτόν
961 1642 1009 1694 τις
1037 1621 1100 1683 τάν
1130 1618 1314 1700 ἀνθρώπων

209 1717 300 1802 θεόν,
322 1715 339 1780 ό
361 1721 397 1783 δὲ
418 1720 512 1783 τοῦτο
531 1717 697 1802 τολμήσων
717 1717 847 1806 θανάτιρ
871 1711 1092 1801 ἀποθανεῖται,
1116 1720 1212 1784 attor·
1230 1723 1313 1786 ἐκεῖ·

209 1828 258 1884 νὀι
277 1814 524 1902 κατανοήσαντες
545 1815 603 1900 τήν
624 1811 781 1900 ἀλήθειαν
793 1820 987 1902 προσέπεσον
1002 1816 1056 1882 καὶ
1074 1816 1356 1904 προσεκόνησανι5

210 1915 239 1982 οἱ
260 1922 319 1998 μὲν
339 1924 406 1992 τοῖς
427 1914 614 1992 ἀποστόλοις
642 1914 671 1980 οἱ
694 1918 731 1980 δὲ
753 1925 820 1992 τοῖς
841 1917 968 1982 ἐκείνων
989 1915 1154 2000 διαδόχοις
1174 1921 1231 1983 κατ’
1247 1944 1312 2000 μα-

210 2021 344 2100 θήταῖς,
366 2017 422 2079 καί
448 2017 639 2080 ἐπίστευσαν
660 2010 710 2078 ότι
738 2012 834 2090 αάτός
856 2014 977 2080 ἐστινό
1001 2014 1152 2100 ἀληθινός
1171 2017 1270 2100 θεός,
1294 2013 1313 2080 ό

146 2115 149 2122 ’
212 2113 372 2198 Χριστός,
402 2114 497 2189 αάτός
519 2111 642 2178 ἐστινό
670 2111 738 2189 υἱὸς
758 2117 816 2179 τοῦ
835 2117 914 2177 θεοῦ
933 2117 992 2178 τοῦ
1015 2117 1144 2197 ζῶντος,
1164 2119 1222 2180 καί
1239 2119 1314 2182 ἐλυ-

211 2216 328 2280 ποῦντο
349 2215 405 2279 καί
423 2211 549 2278 ἔκλαιον
569 2210 629 2288 τάς
648 2209 873 2298 παρελδοόσας
898 2209 1036 2299 ήμέρας,
1065 2212 1104 2290 ἀς
1122 2216 1315 2300 περιεπάτή-

211 2337 273 2379 σαν
295 2316 329 2379 ἐν
350 2316 388 2402 τῇ
403 2315 517 2399 7σκοτόςι
538 2313 594 2376 καί
622 2315 662 2399 τῇ
682 2312 783 2400 πλάνῃ
806 2317 865 2377 τοό
883 2317 1023 2377 Σατανᾶ.
1066 2310 1083 2378 ό
1108 2317 1142 2379 δέ
1166 2314 1356 2398 πανάγα-το

211 2419 270 2489 θος
288 2411 363 2488 θεός
377 2411 433 2475 καὶ
454 2405 597 2495 ἐλεήμων
617 2412 743 2487 ἐδέξατο
764 2414 872 2476 ου’τάν
890 2409 946 2496 τήν
965 2408 1148 2494 μετάνοιαν,
1169 2415 1228 2478 καὶ
1250 2414 1313 2479 uri·

210 2513 287 2589 τοός
306 2493 574 2588 τοόςδιόκοντας
595 2510 630 2574 τό
653 2512 710 2575 τοῦ
723 2514 869 2597 Χριστοῦ
888 2503 986 2594 ὄνομα
1007 2514 1177 2597 κατέστησε
1198 2516 1313 2596 ποιμέ-

282 2711 308 2747 2.
326 2676 375 2748 καλ
392 2693 478 2759 ἐδόθη
495 2721 530 2733 -
547 2690 659 2764 νήσους]
680 2695 719 2756 εἰς
738 2692 787 2762 τήν
805 2694 929 2768 Πάτμον
951 2699 999 2764 καλ
1011 2694 1137 2769 Ἔφεσον
1155 2696 1174 2750 P
1270 2714 1310 2770 17.

281 2764 297 2820 ὁ
319 2761 362 2818 ἀλ.
381 2795 413 2808 ·-
439 2766 516 2822 ἐστιν
534 2780 579 2816 orn
598 2762 619 2816 P

212 2951 305 3013 gotum
322 2951 363 2996 eat
380 2943 410 2995 in
426 2943 498 3007 Asia,
515 2940 671 3012 Aethiopia,
690 2944 791 3006 Peraia,
819 2943 894 2996 indie
921 2952 950 2998 et
973 2945 1085 3014 hrabin3
1114 2955 1242 3017 quartus,
1262 2949 1311 3001 Io-

213 3014 333 3078 hannes,
349 3015 414 3067 item
433 3031 535 3084 graece,
555 3013 631 3083 quod
648 3015 678 3064 in
697 3023 773 3082 parte
785 3015 909 3084 Europae
928 3025 957 3068 et
976 3034 1026 3087 per
1045 3017 1148 3070 insulas
1167 3035 1200 3070 ec
1218 3021 1310 3086 regio-

213 3104 262 3138 nes
281 3105 297 3138 a
317 3087 426 3139 Graecis
446 3085 582 3136 habitatae
600 3084 730 3136 innotuit.
779 3086 817 3136 ita
844 3088 1015 3154 evangelium
1041 3106 1089 3157 per
1109 3097 1195 3140 toturn
1214 3089 1313 3143 orbern
1363 3089 1368 3104 '

212 3166 344 3210 terrarum
361 3174 418 3210 non
435 3157 462 3209 vi
482 3166 510 3208 et
523 3155 669 3217 violentia,
688 3173 738 3206 nec
757 3171 822 3208 ense
843 3164 869 3209 et
882 3159 982 3226 gladio,
1001 3159 1170 3228 divulgatum
1190 3170 1240 3223 ert,
1260 3161 1313 3214 aed

213 3229 259 3299 pio
279 3236 308 3280 et
335 3228 407 3279 laete
436 3237 464 3279 et
482 3226 604 3279 modeste
631 3225 762 3295 apostolis
786 3225 899 3280 verbum
922 3229 968 3281 dei
986 3229 1157 3283 docentibus.
1194 3239 1312 3302 eratque

215 3300 400 3368 reruro.quasi
419 3299 596 3368 repugnantia
616 3295 758 3366 quaedam.
778 3314 840 3349 narn
853 3315 938 3368 quum
957 3301 1073 3370 apostoli
1092 3311 1312 3371 percuterentur,

216 3368 433 3437 flagellarentur,
460 3368 588 3419 conviciis
619 3367 800 3432 afficerentur,
819 3371 1115 3437 exagitarenturiuter
1140 3370 1313 3438 docendum,

216 3455 273 3490 non
293 3455 421 3509 oppressa
439 3447 480 3490 est
501 3456 593 3490 eorum
605 3437 738 3497 doctrina.
759 3439 808 3490 aed
827 3440 856 3490 in
875 3441 933 3492 dies
951 3459 1022 3497 novt
1038 3443 1205 3496 incrementa
1217 3446 1313 3514 capie-

215 3509 265 3561 bat
284 3517 313 3561 et
333 3510 430 3559 laetior
461 3508 646 3560 efflorescebat
673 3510 842 3575 evangelium
862 3510 970 3563 Christi.
1017 3513 1064 3582 qui
1094 3515 1166 3565 enim
1193 3515 1313 3568 multura

216 3596 316 3650 operae
327 3579 522 3648 impendebant
532 3580 700 3647 multumque
712 3579 893 3642 enitebantur,
904 3583 1110 3645 utoccultarent
1121 3602 1220 3636 nomeu
1231 3585 1314 3638 Chri-

216 3652 258 3714 sti,
279 3667 313 3703 ne
332 3652 393 3720 quie
411 3666 471 3700 erun
489 3648 568 3699 deum
582 3656 641 3701 esre
660 3649 792 3711 crederet,
810 3649 898 3720 (quod
916 3654 963 3722 qui
984 3654 1136 3716 conabitur,
1154 3665 1242 3708 morte
1261 3673 1313 3727 pe·

216 3724 317 3774 riturue
337 3722 389 3793 est)
409 3722 451 3771 ilii
466 3721 517 3788 ipsi
532 3720 622 3787 igitur,
635 3722 742 3788 cognita
760 3723 882 3785 veritate,
902 3725 1051 3776 adorarunt
1063 3733 1091 3777 et
1108 3727 1229 3778 venerati
1249 3734 1314 3780 eunt

157 3848 163 3866 ι
217 3793 356 3862 apostolor
373 3794 417 3844 vel
435 3807 600 3842 successores
617 3799 644 3841 et
662 3791 809 3859 discipulos
827 3809 927 3857 eorum,
946 3803 1029 3864 atque
1046 3795 1231 3861 crediderunt,
1244 3814 1316 3852 eun

216 3881 309 3916 verum
330 3864 410 3916 deum
431 3872 460 3914 et
478 3860 613 3914 Christum
635 3868 663 3911 et
682 3861 767 3912 filiurn
789 3861 833 3912 dei
857 3865 910 3915 vivi
932 3882 1005 3928 esre,
1024 3883 1057 3917 ac
1075 3866 1207 3935 lugebant
1220 3872 1255 3923 ‘et
1272 3869 1316 3929 la-

217 3935 411 3986 mentabantur
425 3933 459 3987 de
477 3942 600 4001 ternpore
621 3932 786 3999 praeterito,
814 3951 869 4003 quo
888 3935 1008 3989 tenebris
1027 3946 1055 3988 et
1073 3938 1209 3991 erroribus
1232 3939 1315 3993 Sau-

218 4022 269 4056 nae
288 4005 411 4058 obstricti
433 4005 549 4055 fuorunt.
593 4000 659 4052 deus
684 4010 774 4053 auteur
793 4007 911 4072 optimus
940 4015 968 4058 et
993 4009 1142 4060 misericors
1159 4009 1316 4080 accipiebat

218 4077 397 4128 mutationem
414 4076 640 4136 mentiremur,
661 4082 689 4124 et
705 4071 755 4129 hoe
781 4074 868 4143 ipsos,
887 4078 934 4147 qui
960 4077 1197 4148 persequebantur
1213 4095 1316 4139 nomn

219 4144 330 4214 Christi,
347 4154 469 4218 perteret
488 4154 516 4201 et
533 4145 674 4216 magistros
695 4153 724 4200 et
748 4147 858 4202 nuntior
886 4145 962 4208 uerbi
980 4157 1009 4205 et
1025 4150 1142 4205 nominis
1168 4151 1211 4205 eui
1227 4151 1317 4209 tede·
