2782 5100
417 610 492 674 cro.
512 612 538 672 1.
568 607 659 675 ute.
677 610 815 674 xxxiv.
1103 609 1159 697 97

67 779 135 843 ρεις
159 756 217 834 τας
233 756 416 838 Ῥωμαϊκὰς
436 755 492 823 διαὶ
515 760 571 842 τῆς
593 759 692 842 ξηροῖς
711 762 769 823 τοῦ
784 758 963 839 Ἰσθμοιλίκ
983 761 1039 842 τῆς
1051 757 1163 825 Ἕλλα.

66 858 159 942 δοκῆς
177 858 407 942 θαλάττηςΙείς
425 853 483 942 την
502 854 635 940 δοτικὴν
653 853 795 939 νιεροὶσας
814 854 891 935 τούς
911 861 1047 943 Κρῆτας
1064 858 1162 942 Ἀγα-

64 953 184 1042 ρηνοιὶς
214 956 428 1044 ε’τροσαὶσατο.
483 948 564 1020 ἄλλα
590 961 659 1032 πῶς
689 959 744 1020 καί
771 954 825 1020 διὰ
857 961 891 1022 τί
911 955 947 1022 τὸ
973 955 1051 1022 oded
1080 958 1162 1042 μίγα

63 1055 273 1139 στρατήγημα
294 1059 349 1119 καί
368 1052 459 1139 ἔργον
485 1056 660 1139 περιφανὲς
678 1060 733 1119 καί
752 1046 840 1133 ἄξιον
859 1054 986 1138 μνήμης
1006 1054 1163 1140 ἐγεγόνει,

40 1149 127 1226 soris
147 1155 392 1238 ἐγκαταλείψω,
416 1152 498 1218 ἀλλὰ
528 1157 567 1240 τῇ
587 1154 724 1243 ἡμετέρᾳ
744 1148 851 1219 {redosc
869 1155 1036 1245 διηγήσει,
1057 1152 1104 1220 ἔτι
1128 1157 1165 1221 δὲ

62 1254 124 1318 καί
144 1257 211 1329 πῶς
230 1253 251 1337 ἦ
272 1255 366 1338 νῆσος
385 1251 498 1337 Κρήτη
514 1256 570 1316 καί
587 1256 648 1318 τίνι
666 1251 772 1342 τρόπῳ
783 1249 847 1318 sind
860 1252 916 1338 τὴν
934 1258 1081 1333 ἐξουσίαν
1102 1257 1164 1319 ταῖν

60 1353 249 1438 Ἀγαρηναῖν
270 1349 365 1436 ἔτυχε
393 1355 561 1436 γενέσθαι,
582 1349 639 1416 καί
657 1345 754 1429 αὖθις
773 1355 839 1426 πῶς
859 1349 921 1416 sind
939 1353 997 1437 την
1017 1353 1163 1431 ἐξουσίαν

58 1447 230 1534 ‘Propensior
250 1453 369 1536 ἐγένετο
381 1503 391 1534 ,
416 1455 471 1517 καί
491 1456 558 1526 πῶς
583 1449 647 1516 v‘uo'
669 1452 726 1535 τὴν
748 1456 896 1528 ἐξουσίαν
918 1455 976 1536 τῆς
995 1454 1163 1537 γερουσίας

64 1547 274 1616 τόνἝνετοόν
294 1554 431 1616 ἐνέπεσε.
452 1553 508 1616 καί
528 1547 623 1615 πάλιν
650 1555 707 1617 τοῦ
723 1550 876 1635 ἡμετέρου
889 1549 984 1636 ἔργου
1003 1549 1171 1635 ἁψώμεθα

18 1677 56 1719 so
64 1653 125 1714 καί
141 1651 194 1717 τὸν
216 1655 315 1715 πλοῦν
333 1655 389 1734 τῆς
409 1653 483 1726 νίας
501 1646 646 1734 ἱστορίας
664 1649 854 1733 ποιήσωμεν.

153 1753 206 1836 34.
252 1749 292 1815 Oi
321 1750 377 1815 sori
397 1747 575 1833 καταράτου
606 1751 764 1831 Modesti
789 1746 939 1833 υλαόγονοι
967 1751 1117 1836 διάδοχοί
1133 1769 1195 1820 εεΒ

64 1852 126 1916 καί
145 1845 337 1935 κληρονόμοι
359 1850 414 1934 τῆς
435 1848 537 1913 αὐτοῦ
565 1842 670 1934 ἀρχῆς
691 1850 814 1933 πρῶτον
834 1852 895 1930 μὲν
914 1853 968 1934 τῆς
986 1853 1052 1916 τῶν
1076 1857 1169 1933 Περ-

65 1953 135 2016 cais
165 1951 270 2034 α’ρχῆς
297 1951 458 2035 ἐγκρατεῖς
483 1945 646 2032 γενόμενοι
672 1951 727 2014 καί
744 1950 877 2033 Μηδίας
898 1949 952 2014 καί
971 1954 1170 2032 Βαβυλῶνος

66 2048 126 2114 καί
142 2042 324 2134 Ἀσσυρίων
343 2045 586 2133 κυριεύσαντες,
615 2039 675 2132 ἤδη
705 2050 741 2112 di
762 2051 817 2113 καί
836 2049 1004 2132 Αἰγύπτου
1026 2053 1084 2114 καί
1106 2054 1170 2114 Συ-

20 2151 144 2232 ι5ρίας
162 2146 217 2212 καί
236 2147 410 2232 Ἀσσυρίας
427 2149 482 2212 καί
502 2151 723 2231 Παλαιστίνης
752 2150 808 2211 καί
830 2145 958 2233 Λιβύης
980 2146 1036 2213 καί
1055 2150 1169 2235 Ἀφρι-

66 2251 127 2333 κῆς
145 2249 202 2312 καί
228 2249 348 2329 μέρους
381 2239 439 2310 οὐκ
460 2243 570 2329 ὀλίγον
602 2247 637 2311 εἰι
657 2248 712 2330 τῆς
731 2243 907 2332 Εὐρώπης,
938 2246 1021 2328 μετὰ
1043 2249 1171 2313 δίτονα

66 2343 184 2430 καιρὸν
207 2344 356 2431 ἀλλήλους
375 2345 622 2427 στασιάσαντες,
645 2344 665 2430 ἧ
689 2348 749 2427 μία
773 2341 856 2430 αὕτη
875 2345 995 2431 μεγάλη
1017 2345 1102 2430 α’ρχῆ
1126 2349 1172 2422 εἰς

66 2445 173 2511 πολλοὶ
194 2447 405 2529 διεμερίσθη,
428 2441 485 2508 καί
507 2437 602 2509 ἄλλον
626 2447 686 2526 μὲν
707 2443 849 2529 α’ρχηγόν
870 2440 995 2531 είχενῆ
1020 2450 1149 2529 Περσία
1161 2496 1172 2527 ,

69 2538 171 2609 ἄλλον
190 2546 226 2608 di
248 2541 267 2628 ἦ
283 2543 457 2625 Βαβυλών,
478 2544 586 2626 ἕτερον
604 2545 640 2608 δὲ
654 2541 695 2608 τιιΙ
716 2545 772 2626 τῆς
789 2540 905 2619 Ἀσίας
924 2539 990 2609 ἅνω
1010 2547 1067 2608 καί
1084 2541 1171 2610 καίιο

19 2645 177 2729 ασμίρη·
219 2642 276 2709 ἕνα
306 2646 366 2724 μὲν
395 2640 534 2725 α’ρχηγὸν
554 2637 640 2725 εἶχεν
669 2641 688 2728 ἦ
716 2641 860 2726 Ταρσός,
882 2636 986 2725 ἕτερον
1006 2644 1043 2708 δὲ
1064 2641 1085 2728 ἦ
1110 2642 1182 2707 Tsi-¹

67 2767 144 2829 ρος,
172 2735 266 2807 ἄλλον
294 2739 331 2806 τὸ
356 2739 483 2806 Ἰκόνιον
510 2744 565 2807 καί
594 2739 741 2826 inspersi
768 2740 933 2826 Μελιτηνὴ
964 2738 1049 2826 sisoi
1070 2740 1187 2813 πολλοὶι

66 2844 155 2909 καλὰ
184 2842 240 2907 καί
267 2841 376 2925 α’γαθα
407 2836 547 2927 ῥέουσα·
605 2844 712 2927 ἓτερον
738 2842 775 2908 δὲ
797 2837 833 2907 sd
854 2844 983 2908 Χαλίιιι
1004 2836 1090 2926 εἶχεν
1118 2865 1173 2908 και

148 3084 188 3120 ss.
210 3065 264 3141 34]
284 3065 321 3120 κε’
342 3066 362 3118 Ρ
395 3067 464 3138 περὶ
482 3065 539 3122 ταῖν
560 3070 610 3121 τοῦ
633 3065 768 3139 Modus&
785 3066 942 3138 διαδόχων,
960 3070 1032 3124 ἔνθα
1050 3073 1097 3122 καλ
1115 3067 1172 3124 ποῦ

144 3141 333 3210 ἐβασίλευσαν
344 3136 380 3187 Μ.
397 3140 465 3210 περὶ
481 3141 541 3197 τῶν
555 3139 605 3194 τοῦ
619 3144 719 3196 tri-t
730 3137 892 3211 ἀπογόνων,
910 3139 1015 3192 omissis
1035 3140 1106 3201 ἔνθα
1123 3143 1172 3196 καλ

145 3209 206 3266 τιοῦ
226 3211 430 3281 ἐβασίλευσαν,
451 3208 471 3261 Ρ

68 3412 199 3466 triremes
215 3412 348 3464 Romanas
366 3427 417 3481 per
444 3411 630 3465 continentem
651 3419 747 3465 terram
765 3413 860 3466 Isthmi
886 3427 920 3465 ex
936 3412 1002 3463 mari
1021 3411 1125 3464 Grseco
1142 3412 1172 3464 in

69 3481 245 3537 occidentale
273 3485 357 3534 traxit
383 3482 509 3552 fuditque
535 3484 670 3551 Agerenos
690 3485 840 3536 Cretenses.
868 3483 1007 3553 quomodo
1034 3491 1123 3535 autern
1142 3491 1182 3549 et,

69 3569 160 3625 qnare
176 3553 228 3605 hoc
241 3553 411 3622 praeclarum
427 3561 592 3620 strategema
607 3563 635 3607 et
644 3564 778 3624 perpetuo
796 3553 991 3606 celebrandum
1008 3553 1171 3624 saciuuepe-

69 3635 177 3678 tratum
195 3625 288 3687 fuerit,
306 3641 361 3676 non
377 3625 592 3694 praetermittam
610 3624 715 3688 dicere,
731 3626 780 3676 sed
801 3626 950 3677 narrationi
971 3633 1078 3677 nostrae
1095 3627 1171 3677 inee-

70 3712 150 3760 ram3
168 3696 233 3747 item
252 3695 479 3759 commemorabo,
498 3711 553 3766 quo
570 3705 650 3765 pacto
669 3695 748 3747 Creta
767 3696 855 3747 insula
875 3696 903 3746 in
921 3704 1085 3766 poteststem
1099 3698 1184 3765 Aga·¹

70 3782 202 3819 renornm
219 3768 335 3831 venerit,
354 3774 382 3818 et
401 3783 500 3829 rursus,
521 3783 575 3836 qua
596 3768 699 3818 ratione
719 3766 753 3818 ad
773 3769 904 3818 Romanos
923 3766 1044 3831 redierit,
1060 3776 1088 3818 et
1108 3776 1173 3819 tan-

71 3838 137 3889 dem
155 3836 206 3888 sub
214 3837 383 3889 Venetorum
404 3837 536 3889 ditionem
555 3838 732 3889 concesserit:
751 3846 808 3889 tum
827 3837 946 3908 denique
965 3837 999 3888 ad
1017 3838 1172 3890 institutum

70 3906 224 3961 redibimus
240 3915 269 3960 et
287 3908 446 3960 recentioris
472 3908 603 3960 historiae
621 3909 697 3960 iilum
716 3918 897 3978 pertexemus.

145 3978 190 4047 34.
225 3979 389 4032 Exsecrandi
407 3978 569 4032 Mohametis
589 3979 692 4050 posteri
710 3988 738 4031 et
756 3995 924 4031 successores
944 3986 972 4030 et
988 3978 1094 4048 imperii
1114 3977 1172 4029 eius

69 4047 210 4112 heredes,
231 4051 349 4118 primum
371 4051 509 4102 Persarum
530 4067 612 4119 regno
630 4059 712 4118 atque
724 4051 832 4113 Media,
851 4048 1002 4118 Babylonia
1022 4058 1050 4100 et
1066 4047 1172 4114 Assyria

90 4120 172 4183 otiti,
200 4120 301 4173 deinde
328 4122 410 4172 etiam
429 4123 590 4190 Aegyptum,
610 4122 727 4188 Syriam,
744 4123 886 4190 Assyriam,
914 4119 1109 4181 Palaestinam,
1127 4118 1172 4167 Li·

69 4137 172 4256 Kyam,
190 4191 307 4243 Africam
330 4200 359 4244 et
375 4192 498 4261 Europae
523 4193 644 4262 regiones
663 4209 717 4242 non
738 4210 837 4263 paucas
857 4193 1011 4253 consecuti,
1032 4189 1170 4258 aliquanto

70 4270 137 4330 post
155 4260 296 4315 discordes
321 4263 394 4315 inter
413 4278 443 4314 se
462 4263 526 4314 facti
544 4271 622 4325 sunt,
650 4262 723 4315 unde
744 4281 828 4315 unum
847 4263 917 4313 iliud
937 4275 1062 4329 magnum
1081 4259 1172 4326 impe-

68 4331 143 4383 rium
169 4333 199 4384 in
222 4334 310 4385 muita
345 4348 428 4401 regna
456 4332 572 4386 divisum
598 4340 653 4396 est,
672 4341 699 4385 et
717 4334 800 4385 ulium
821 4333 972 4404 principem
991 4331 1077 4381 Persis
1091 4336 1172 4380 nacte

68 4411 130 4467 est,
150 4403 236 4455 alium
254 4402 371 4470 Babylo,
396 4405 481 4455 aiium
508 4404 632 4474 superior
650 4412 679 4454 et
707 4403 823 4455 inferior
841 4402 922 4465 Asis,
952 4401 1035 4452 alium
1053 4399 1182 4463 Tarsus,

67 4475 161 4528 elium
177 4471 282 4541 Tyrus,
306 4474 390 4526 elium
407 4475 549 4537 Iconium,
577 4474 661 4525 elium
687 4475 781 4527 moitis
806 4474 855 4526 illu
873 4480 903 4524 et
920 4471 1065 4542 praeclaris
1091 4469 1173 4522 rebus

143 4585 308 4642 Phronius.
1014 4600 1028 4650 7
