2752 5092
212 250 265 337 ὅτ
526 276 700 343 uuonan
730 275 971 342 nunanmsn

209 430 343 509 ε’νδόξων
362 425 419 494 καί
439 427 574 511 εόγενιδν
595 430 798 512 Χριστιανῶν
828 425 883 491 καί
903 419 1088 512 Ἆγαρηνιόν
1115 429 1171 493 τοῦ
1189 425 1301 511 άμηρόῖ

209 531 373 614 δεηθέντες
392 525 518 612 γράψαι
537 526 618 612 πρός
641 526 697 592 τόν
715 527 849 608 βασιλέα
872 525 985 610 κόριον
1004 521 1152 610 Ἰωάννην
1172 525 1226 590 ἵνα
1244 522 1300 590 τόν

208 624 363 712 δεσπότην
383 625 491 711 κόριον
510 626 713 714 Ἀνδρόνικον
732 628 792 690 τοῦ
808 618 1021 707 άποκλεισμοό
1040 625 1257 711 ἐλευθερώσῃ·
1279 619 1298 687 ’ό

206 726 262 790 καί
280 729 413 810 έγένετο.

289 826 361 891 Καί
378 829 440 890 τῶν
457 825 650 910 πραγμάτων
669 817 769 902 οὕτως
797 820 933 907 ἑχόντων
957 828 1092 909 θεωρῶν
1112 819 1327 907 όβασιλεόςό

203 921 244 991 τό
276 929 338 990 τάν
361 923 533 1007 Ῥωμαίων
561 925 727 1010 πράγματα
763 922 1015 1008 παντοιοτρόπως
1045 922 1296 1007 ὑποκορίζεσθαι

203 1024 432 1106 ταπεινοόμσνα
452 1029 507 1088 καί
532 1028 578 1098 εἰς
615 1020 799 1108 άφανισμόν
826 1027 965 1107 παντελῆ
992 1023 1096 1113 ἡμέρᾳ
1121 1028 1163 1111 τῇ
1190 1023 1297 1108 ἡμέρᾳ

203 1121 372 1206 ἐρχόμενα,
397 1122 436 1189 τό
463 1126 499 1188 δὲ
520 1129 584 1188 τῶν
610 1124 760 1205 Τοόρκων
778 1127 824 1198 εἰς
844 1116 941 1206 άκρον
959 1121 1185 1205 προκόπτοντα,
1206 1118 1296 1206 τριὴ-

202 1245 269 1304 ρεις
289 1222 377 1298 τινός
398 1222 568 1306 ἡτοίμασεν
586 1221 687 1306 ἐμβάς
707 1227 741 1289 έν
760 1226 802 1310 τῇ
818 1225 936 1312 Ἰταλίᾳ
950 1225 1056 1288 ἐλθεῖν
1069 1226 1195 1307 αι’τὴσαι
1215 1218 1295 1306 βαὴ.

201 1325 295 1386 θειαν
314 1320 400 1404 παρά
431 1325 493 1387 τῶν
519 1327 618 1388 ἐκεῖσε
648 1324 832 1403 αόθέντων,
863 1324 914 1387 ἵνα
933 1320 979 1405 μὴ
1001 1322 1021 1406 ἡ
1043 1325 1191 1404 βασιλεία
1206 1322 1293 1388 Ῥω·
1308 1337 1347 1381 10

200 1423 305 1501 μαίων
332 1420 411 1486 κατά
444 1423 557 1506 κρότος
588 1427 634 1499 εἰς
657 1427 747 1498 τέλος
773 1423 898 1509 ἐκπέσῃ.
946 1424 1004 1487 κατ’
1034 1424 1069 1488 ἐν
1095 1424 1139 1508 τῷ
1166 1424 1296 1502 μέλλειν

199 1523 433 1604 ἐπανέρχεσθαι
459 1521 515 1588 τόν
536 1522 688 1608 δεσπότην
715 1519 774 1608 κόρ
804 1518 1002 1607 Ἀνδρόνικον
1024 1521 1118 1586 πάλιν
1138 1517 1224 1586 εἴασε
1244 1523 1297 1584 δι.

200 1627 296 1684 οικεῖν
325 1624 380 1686 καί
408 1626 563 1706 κυβερνᾶν
589 1620 649 1707 τὴν
676 1621 768 1687 πόλιν
795 1620 852 1686 καὶ
882 1619 939 1706 τὴν
964 1622 1142 1704 βασιλείαν.
1194 1619 1295 1685 πλεό.

198 1741 313 1794 σαντσς
335 1722 373 1785 δέ
400 1725 458 1786 τοῦ
489 1726 662 1804 βασιλέως,
690 1720 835 1808 ἔφθασεν
861 1721 896 1786 ἐν
916 1724 957 1808 τῇ
978 1723 1095 1807 Ἰταλίη
1116 1722 1149 1783 έν
1169 1720 1209 1806 τῇ
1229 1722 1296 1784 τιόν

193 1818 320 1884 Ἑνετῶν
350 1819 453 1910 ὥραίρ
482 1819 588 1902 πόλει,
619 1820 712 1905 ναίὴ
740 1823 892 1905 γερουσία
916 1814 1025 1885 άπασα
1044 1820 1139 1901 τῆσδε
1156 1822 1211 1903 τῆς
1233 1814 1293 1881 τιό-
1307 1812 1344 1875 15

196 1922 275 1994 λεως
297 1912 442 2000 άσμένως
462 1923 572 1984 τοῦτον
587 1920 747 1996 ἐδέξαντο·
788 1921 863 2003 περί
883 1921 918 1984 δὲ
940 1922 1006 2011 aori!
1021 1921 1182 2001 βοηθῆσαι
1203 1917 1294 2005 αὐτῷ

198 2017 256 2081 oda
278 2010 317 2102 ἡν
338 2018 428 2106 φωνὴ
448 2018 504 2084 καί
524 2022 582 2083 οόκ
603 2012 642 2106 ἡν
672 2017 838 2104 α’κρόασις.
876 2018 1026 2088 Ικάκεῖθεν
1049 2015 1186 2095 έξελθάν
1206 2015 1292 2099 πρός

195 2114 251 2182 τόν
270 2117 354 2202 ῥῆγα
371 2118 534 2204 Φραγκίας
556 2117 706 2206 Κάρολαν
738 2117 843 2200 tetdo
874 2118 968 2183 ου’δὲν
997 2114 1205 2200 ε’κατάρθωσε
1235 2116 1292 2182 διά

194 2213 233 2278 τό
264 2220 522 2302 περισπωμένους
551 2212 634 2284 εἶναι
662 2217 780 2293 αότοός
807 2218 864 2283 καί
891 2213 1071 2297 άναμεταξό
1102 2212 1212 2297 μάχας
1236 2220 1296 2281 καί

197 2312 359 2380 σκάνδαλα
392 2315 535 2400 ἔχοντας.
590 2322 645 2383 καὶ
663 2316 839 2403 χρημάτων
866 2316 963 2399 μόνον
983 2319 1104 2400 πλῆθος
1124 2315 1345 2391 σίναλιόσοιςςο

196 2418 251 2478 καί
271 2415 381 2480 δάνεια
402 2416 502 2482 πολλά
524 2416 631 2500 λαβών
656 2416 708 2483 διά
731 2416 768 2482 τό
790 2412 872 2482 εἶναι
885 2414 1025 2500 μεγάλην
1044 2414 1103 2499 τὴν
1122 2416 1156 2479 έν
1176 2417 1293 2502 Ἰταλίᾳ

196 2511 364 2597 δαπάνην,
387 2519 442 2579 καί
460 2519 506 2590 εἰς
523 2513 663 2581 Ἕνετίαν
684 2517 889 2600 ἀναστρέψας
910 2514 1031 2602 ἔγραφε
1053 2513 1106 2580 διά
1127 2511 1292 2599 ταχυδρό.

195 2632 259 2692 μου
289 2614 334 2699 τῷ
364 2611 424 2699 uiui
454 2614 559 2677 αότοῦ
583 2614 772 2702 Ἀνδρονίκῳ
798 2614 851 2680 ἵνα
878 2614 994 2701 πσιὴση
1022 2610 1137 2699 τρόπον
1163 2619 1293 2679 στεῖλαι

195 2709 283 2797 adrui
299 2713 460 2796 χρήματα,
481 2706 568 2788 ὅπως
587 2710 628 2777 τό
652 2711 762 2778 δάνεια
782 2711 932 2796 άέλαβεν
952 2711 1114 2801 α’ποδάση,
1134 2714 1190 2778 καί
1209 2711 1291 2778 dva-

264 2843 290 2880 α.
309 2830 454 2901 ἔγραψεΡ
541 2849 565 2901 7.
582 2831 630 2906 ιη]
648 2837 722 2905 τρίτη
742 2832 770 2884 Μ

194 2932 328 2984 luridatus.
347 2935 488 3004 aliquanto
506 2944 568 3006 post
585 2937 710 2987 nonnulli
735 2937 850 3006 spectati
869 2943 897 2988 et
913 2936 1020 2987 nobiles
1039 2934 1185 2987 Christiani
1203 2943 1290 3006 atque

194 3006 309 3071 Agoneni
329 3007 481 3058 Annrrntem
507 3016 683 3074 rogaverunt,
707 3017 738 3058 ut
756 3009 854 3060 litteris
878 3007 994 3058 lohonni
1015 3008 1171 3080 imperatori
1190 3007 1291 3060 suade·

195 3085 244 3136 rot,
255 3075 437 3127 Andronicum
457 3077 596 3148 despotam
613 3079 755 3131 evinculis
767 3078 910 3132 liberaret:
926 3095 978 3131 nec
995 3094 1051 3130 non
1062 3078 1228 3130 saurfacmm
1246 3088 1291 3133 eat

194 3145 304 3196 illorum
325 3146 466 3200 voluntati.

264 3217 353 3268 Rebus
372 3219 409 3269 ita
428 3220 590 3284 constitutis,
609 3221 763 3288 imperator,
783 3235 866 3290 quum
886 3219 1032 3269 Romanum
1052 3219 1193 3288 imperium
1212 3224 1290 3274 omni

195 3291 276 3337 modo
294 3288 424 3341 vilescere
442 3299 470 3342 et
489 3292 518 3341 in
537 3301 678 3360 angustum
695 3290 779 3358 redigi
807 3297 836 3340 et
856 3291 886 3340 in
903 3289 962 3341 dies
979 3291 1063 3357 magis
1079 3306 1158 3341 ruere
1176 3291 1203 3341 in
1222 3309 1291 3360 per.

195 3358 309 3419 niciam,
328 3369 421 3410 contra
437 3362 585 3412 'l'urcarum
604 3378 713 3430 regnum
730 3361 766 3411 od
784 3377 916 3411 summum
935 3376 1053 3412 crescere
1071 3359 1207 3428 fastigium
1225 3364 1289 3414 ani.

195 3427 393 3493 madvertcret,
411 3436 571 3500 comparatio
592 3435 699 3502 aliquot
715 3431 887 3495 triremibus,
906 3432 934 3481 in
951 3432 1057 3483 ltaliam
1074 3431 1134 3482 vela
1153 3431 1233 3494 tecit,
1251 3434 1288 3485 ab

195 3499 254 3580 eius
272 3509 359 3550 terrae
374 3502 612 3586 P¹.5¹.¹⁰¹P⁵¹'⁰³’.¹l⁰
625 3506 804 3554 Romanorum
823 3503 964 3585 imperium
983 3519 1095 3584 prorsus·
1108 3510 1288 3567 everteretur,

193 3572 1288 3711 til‘tlllltllltt‘lllltlttlll1·illiditolimittit

194 3709 335 3762 florentem
355 3713 448 3764 urbem
470 3715 546 3775 adiit,
568 3723 596 3765 et
615 3714 764 3765 honorilice
781 3713 891 3782 quidem
910 3730 926 3763 a
949 3722 1008 3765 toto
1033 3722 1131 3764 senatu
1157 3725 1288 3783 exceptus

195 3790 244 3842 est,
263 3781 310 3831 sed
329 3783 363 3834 de
381 3783 509 3836 subsidiis
529 3785 626 3835 frustra
645 3785 726 3835 verba
743 3784 809 3836 iecit
824 3793 852 3836 et
868 3785 950 3854 plane
967 3801 1022 3835 non
1032 3784 1201 3836 audiebatur.
1219 3786 1289 3839 inde

193 3851 228 3901 ad
248 3852 386 3911 Ceruium.
414 3853 575 3906 Francorum
600 3872 697 3922 regem,
714 3855 871 3924 profectus,
895 3871 930 3906 ne
948 3855 986 3905 ibi
1007 3855 1117 3923 quidem
1135 3855 1289 3924 quidquam

193 3923 329 3986 obtinuit,
353 3925 480 3993 quoniam
506 3926 639 3994 principes
659 3927 731 3977 inter
748 3942 776 3976 se
803 3925 975 3978 dissidebant
992 3941 1024 3975 ac
1042 3925 1206 3977 factionibus
1226 3928 1290 3979 bel·

194 3991 283 4061 lisque
301 4003 378 4047 erant
398 3995 642 4064 distracti,.itaque
659 3995 731 4047 nibil
748 3995 830 4059 aliud,
850 4012 930 4066 quam
950 3995 1044 4064 grandi
1063 3999 1177 4066 pecunia
1200 3997 1290 4050 inuti.

194 4061 258 4113 liter
275 4066 415 4136 absumpta
446 4076 474 4118 et
498 4067 570 4135 gravi
598 4075 736 4119 contracto
763 4083 826 4118 aere
853 4068 945 4119 alieno
962 4075 1075 4136 propter
1101 4076 1238 4119 sumtuum
1259 4071 1290 4122 in

192 4132 273 4186 ltalia
290 4137 516 4207 magnitudinem,
535 4137 664 4191 Venetiae
687 4154 815 4202 reversus,
832 4137 918 4191 faselo
938 4137 1035 4202 misae,
1051 4137 1206 4191 Andronico
1227 4140 1289 4194 filiu
