2760 5092
236 252 324 355 3οό
549 264 722 340 otonon
754 276 996 342 rnnsunzsn

315 426 399 494 Ἀλλ’
426 424 481 488 ἐπί
506 420 542 486 τό
573 427 777 506 προκείμενον
807 429 1037 509 ἐπανέλθωμεν.
1087 426 1149 493 sind
1171 431 1207 493 di
1225 422 1327 510 Ἦρα·

237 529 343 594 ιιλείου
371 524 429 590 τοῦ
455 519 596 604 μεγάλου
622 523 680 588 καί
706 529 766 588 τοῦ
795 525 1065 612 ψευδοπροφήτου
1096 525 1251 608 Μωόμεθ
1266 527 1326 602 ἓως

235 631 292 711 τῆς
312 622 475 707 βασιλείας
506 624 747 686 Κωνστανιίνου
778 629 836 690 τοῦ
856 628 1099 710 Παλαιολόγσυ,
1121 630 1181 690 τοῦ
1208 624 1325 708 ὀγδόου

236 720 481 808 βασιλεύσαντος
504 721 539 785 ἐκ
560 723 619 784 τοῦ
638 723 747 803 γόνους
770 723 1083 809 τῶνΠαλαιολόγων,
1103 724 1137 800 ὃς
1160 724 1326 807 ἐβασιλευ-

236 847 292 889 σιν
310 819 366 904 ἐτη
390 820 418 883 δ’
438 820 494 883 καί
516 821 618 902 μῆνας
638 819 675 900 δ’,
707 823 788 884 εἰσίν
807 820 861 905 ἐτῃ
883 819 965 901 ωνξ.
1022 825 1208 904 ἐβασιλευσε
1232 824 1268 886 δὲ
1287 821 1352 897 τό5

235 925 299 989 τοῖν
319 919 552 1001 Παλαιυλόγων
574 922 663 1000 γόνος
685 921 720 983 ἐν
738 922 811 1006 τῃιλε
829 923 870 1007 τῇ
888 919 1102 1010 βασιλευούσῃ
1123 927 1186 988 suiv
1205 922 1327 987 πόλεων

176 1104 179 1113 .
237 1018 293 1106 ἔτῃ
315 1021 388 1103 955
407 1021 463 1082 καί
480 1020 583 1100 μῆνας
596 1011 616 1078 ι’
637 1021 692 1081 καί
711 1013 831 1100 ἡμέρας
852 1015 878 1082 ό
881 1065 889 1082 .
932 1018 987 1084 καί
1005 1019 1067 1084 sind
1085 1026 1327 1087 Κωνσταντίνου

238 1124 383 1202 Φλαβίου
404 1112 520 1201 ἤρξατο
550 1115 738 1198 ἡβασιλεία
771 1119 805 1182 ἐν
828 1119 1163 1184 Κωνσιαντινουπόλει
1192 1124 1247 1185 καί
1274 1124 1329 1185 ἐπί

238 1219 480 1285 Κωνσεαντίιου
512 1216 571 1279 τοῦ
591 1216 814 1300 Παλαιολόγσυ
841 1221 940 1300 πέρας
960 1215 1083 1299 ἐλαβεν.
1137 1223 1172 1284 ἐν
1191 1223 1266 1307 τῇδε
1287 1224 1329 1308 τῇ

236 1321 419 1405 τριταλαίνρι
449 1314 538 1379 πόλει
558 1313 766 1397 ἐπεκρότησεν
787 1313 807 1399 ἦ
827 1320 890 1382 τοῖν
916 1315 1082 1400 Ῥωμαίων
1102 1319 1251 1399 βασιλεία
1272 1317 1326 1405 ἔτη
1340 1344 1373 1388 ιο

241 1415 340 1511 ἀρμγ
365 1420 466 1500 μῆνας
487 1411 506 1478 ι’
527 1413 581 1478 καί
600 1413 719 1497 ἡμέρας
740 1412 779 1478 d'.

343 1512 491 1598 Ποιήσας
518 1506 583 1577 σόν·
604 1516 642 1599 τῇ
673 1517 761 1600 τρίτῃ
787 1512 889 1603 ἧμέρρ
918 1518 975 1599 τῆς
996 1512 1144 1593 όλιόσεως
1163 1518 1181 1581 ό
1203 1519 1331 1602 α’μηρᾶς

239 1619 400 1717 θριαμβον
429 1614 485 1678 ιιαί
512 1610 620 1696 χορόν
647 1608 787 1697 μεγόλρν
818 1613 870 1678 διό
898 1614 956 1698 τὴν
986 1620 1073 1701 νίκην
1097 1616 1153 1699 τήν
1173 1619 1251 1683 κατα
1272 1618 1330 1700 τῆς

184 1759 185 1762 =
241 1716 373 1795 πόλεως,
393 1716 448 1778 καί
466 1709 616 1787 ιιελεόσας
629 1713 681 1776 ἵνα
695 1714 848 1788 ἐξέλθωσι
865 1712 976 1790 πάντες
992 1713 1022 1779 οῖ
1035 1711 1199 1798 ἄνθρωποι
1219 1719 1335 1799 μικροί

240 1839 276 1881 τε
295 1813 351 1878 κατ’
367 1810 499 1896 μεγάλοι
527 1808 558 1875 οἱ
587 1801 672 1886 ὄντες
700 1813 908 1894 κεκρυμμένοι
932 1811 967 1878 ἐν
985 1839 1049 1880 τισι
1066 1811 1174 1890 τόποις
1194 1825 1330 1902 κρυφοῖς
1342 1817 1374 1882 15

241 1918 297 2000 τῆς
319 1911 439 1987 πόλεως
450 1914 506 1976 καί
524 1908 687 1992 ἐλεύθεροι
707 1909 762 1975 καί
776 1911 975 1997 όνενόχλῃτοι
995 1907 1095 1979 οἷσιν·
1136 1913 1254 1996 ὁμοίως
1274 1918 1332 1980 κατ’

241 2011 354 2088 πάντες
374 2005 444 2076 όσοι
464 2012 499 2075 ἐκ
517 2011 573 2094 τῆς
590 2009 712 2085 πόλεως
737 2006 879 2096 ἔφυγον,
909 2011 953 2087 ιός
973 2012 1174 2097 προείπαμεν,
1199 2011 1254 2078 διό
1275 2011 1333 2079 τόν

242 2107 344 2198 φόβον
364 2113 420 2176 τοῦ
450 2111 611 2191 πολέμου,
635 2110 765 2185 ἕκαστος
784 2111 890 2174 adenis
907 2111 1081 2199 ἐπιστρέψῃ
1101 2116 1147 2187 είς
1170 2110 1226 2177 τόν
1246 2107 1332 2178 οἶκον

241 2211 353 2291 αὑτοῦ,
371 2207 426 2275 καί
439 2211 554 2291 βιῶναι
574 2212 706 2274 ἕκαστον
726 2206 804 2284 κατα
826 2207 884 2293 τὴν
905 2208 994 2288 εόξιν
1012 2211 1068 2277 καί
1086 2217 1261 2295 θρησκείαν
1271 2211 1334 2276 αό-

240 2312 311 2388 τοῦ,
333 2307 442 2384 sicani
456 2305 606 2391 πρότερον
626 2300 677 2390 ἦν.
701 2305 818 2386 όμσίως
833 2313 1021 2389 προσέταξεν
1040 2314 1092 2374 ἵνα
1111 2308 1374 2397 ποιήσωσιιιαίιο

240 2407 441 2494 παιριόρχην
463 2407 507 2482 οός
534 2406 667 2491 σύνηθες
695 2399 736 2490 ἦν
756 2404 835 2471 sart
856 2407 914 2490 τὴν
933 2407 1021 2485 τόξιν
1040 2407 1164 2474 αὑτοῖν·
1206 2403 1247 2495 ἦν
1265 2408 1330 2496 γὰρ

241 2505 477 2592 προαποθανὼν
511 2503 759 2589 όπατριόρχῃς.
809 2508 866 2570 καί
890 2508 1066 2585 ἐκλέξαντες
1096 2506 1125 2573 ni
1146 2510 1332 2592 ἐντυχόντες

241 2608 403 2693 ἀρχιερεῖς
423 2609 479 2672 ιιαί
497 2603 528 2669 οὶ
547 2605 647 2690 όλίγοι
666 2604 751 2670 πάνυ
774 2605 874 2689 ἕτεροι
892 2603 1059 2692 λερωμένοι
1077 2610 1131 2674 καί
1149 2613 1255 2676 λαϊιιοί
1274 2610 1332 2677 τόν

298 2841 324 2895 γ.
343 2816 416 2880 σνόα
433 2821 453 2874 P

313 3007 368 3063 Sed
386 3005 525 3059 redeamus
543 3006 595 3057 ism
614 3005 648 3058 ad
666 3020 715 3076 pro
737 3004 846 3057 ositnrn.
883 3002 918 3056 ab
931 3002 1055 3058 Heraclio
1072 3023 1169 3075 niagno
1187 3014 1216 3060 et
1232 3007 1332 3062 Mota·

242 3088 315 3134 mete
331 3076 568 3150 pseudopropheta
587 3094 618 3129 ns
640 3093 704 3128 nea
741 3076 883 3145 imperium
902 3076 1073 3128 Constantini
1091 3077 1256 3147 Palaeologi
1278 3082 1332 3133 ins·

242 3151 374 3221 peratoris
394 3166 409 3200 e
429 3159 509 3218 gente
527 3095 744 3216 Pitaedogorum
762 3147 857 3210 octavi,
875 3147 922 3216 qui
941 3162 1026 3199 annos
1043 3155 1159 3217 quatuor
1176 3156 1204 3200 et
1223 3167 1330 3204 menses

243 3231 361 3292 quatuor
376 3220 526 3290 inperauit,
546 3220 610 3270 anni
620 3220 670 3286 ⁸57
689 3224 872 3269 numerantur.
891 3217 1059 3285 imperarunt
1071 3225 1161 3269 antem
1174 3220 1330 3291 palaeologi

242 3293 271 3344 in
289 3291 340 3343 hae
353 3291 444 3359 regins
462 3289 568 3341 urbium
586 3306 670 3342 annos
684 3291 742 3354 194,
761 3303 866 3339 menses
887 3303 917 3337 ιο
935 3295 963 3339 et
978 3287 1036 3340 dies
1048 3290 1072 3355 4.
1086 3288 1164 3357 Cpoli
1184 3290 1331 3359 imperium

243 3372 367 3431 coeptum
387 3370 429 3413 est
447 3359 499 3412 sub
516 3361 608 3412 Flavio
627 3359 815 3421 Constantino,
833 3357 939 3410 finitum
958 3359 1008 3409 sub
1020 3359 1199 3411 Constantino
1215 3362 1331 3414 Palaeo-

243 3432 314 3555 ilogo.
349 3431 435 3502 viguit
454 3432 535 3501 igitur
551 3432 580 3481 in
598 3429 746 3483 miserrima
765 3427 815 3480 hac
840 3427 908 3480 urbe
925 3443 1012 3482 annos
1041 3430 1121 3497 1143,
1148 3447 1253 3484 menses
1285 3449 1331 3498 ιο,

263 3520 302 3555 ses
339 3538 345 3551 .
1194 3539 1200 3555 ,

314 3507 423 3625 dmeras
441 3570 488 3622 die
506 3571 587 3622 tertio
599 3577 662 3638 post
680 3576 785 3638 captam
803 3567 897 3621 urbem
908 3569 1073 3639 triumphum
1092 3576 1120 3621 et
1137 3569 1266 3637 gaudium
1285 3572 1332 3626 in.

244 3660 308 3713 gens
326 3650 435 3712 propter
453 3648 613 3710 reportatam
625 3640 764 3691 uictoriam
778 3641 894 3707 agitavit,
912 3640 1030 3701 edicens,
1042 3649 1072 3692 ut
1083 3656 1185 3704 ornnes,
1198 3643 1290 3711 magni
1304 3650 1333 3696 et

243 3714 328 3785 parri,
340 3714 386 3782 qui
397 3710 519 3762 latebant
529 3712 558 3762 in
576 3710 643 3761 locis
655 3709 728 3762 orbis
739 3709 917 3773 absconditis,
928 3710 1070 3780 prodirent
1080 3728 1148 3763 nese
1159 3728 1174 3761 a
1192 3729 1333 3783 quoquae

242 3792 421 3844 vexarentur3
439 3782 502 3833 itens
521 3781 556 3843 ii,
576 3781 623 3849 qui
637 3780 734 3832 timore
754 3779 823 3830 beili
841 3781 961 3850 impulsi,
979 3788 1010 3832 nt
1026 3790 1090 3832 snte
1109 3785 1333 3847 commemorari-

243 3851 742 3988 32:232:‘ittt‘tt‘ttisss'sst
757 3849 1333 3993 tittttsrttsfflttti‘stitit‘

842 3957 849 3984 ι
1036 3959 1043 3972 ·
1319 3962 1328 3990 ι

244 4006 275 4049 nt
291 3994 469 4067 patriarcham
486 4008 535 4062 pro
556 4007 630 4043 more
647 4006 696 4041 suo
711 3999 845 4055 οτειιειιις
865 4001 943 4044 vetus
957 3993 1029 4043 eninr
1047 4002 1168 4052 mortuns
1189 4002 1258 4046 erat.
1278 3997 1330 4047 ita·

244 4083 299 4136 qne
315 4068 364 4138 qui
390 4067 460 4118 torte
478 4063 590 4116 aderant
614 4061 735 4131 episcopi
753 4070 782 4113 et
797 4063 926 4131 perpauci
950 4063 997 4114 atii
1018 4063 1110 4114 cleriei
1132 4070 1160 4116 et
1173 4063 1238 4117 isici
1258 4066 1331 4137 sspi-

244 4137 414 4192 entiasisnuns
431 4136 570 4191 dominum
587 4132 733 4203 Georgium
751 4130 929 4200 sthelenus,
950 4133 1092 4190 etiamtum
1110 4133 1218 4198 laicum,
1237 4136 1331 4208 elege-
