2752 5092
226 229 281 322 32
545 256 722 323 osouurr
752 259 994 322 euasurum

226 401 265 496 ἦν
288 410 329 474 δὲ’
344 403 361 470 ό
379 407 469 492 οἶνηρ
502 405 587 471 πάνυ
617 404 817 494 σοφοότατος,
838 407 933 492 ἔλαχε
963 408 1000 472 di
1021 405 1219 496 φιλασθινὴς
1236 400 1321 473 εἶναι

227 513 285 575 καί
302 501 359 572 oris
371 507 503 574 ἑόόνατο
522 504 579 589 τὴν
599 508 701 591 odaria
718 507 894 592 ὑπηρεσίαν
912 510 1039 583 τελείας
1059 509 1245 593 ἐκπληροῦν,
1264 511 1322 572 καί

181 620 184 624 ’
227 607 282 673 διό
316 611 411 673 τοῦτο
439 605 496 671 τόν
522 605 639 691 θρόνον
663 605 876 694 παρητὴσατο.
925 606 981 671 καί
1003 613 1228 691 χειροτονεῖται
1250 607 1319 672 αἰτ*

225 709 332 772 αότοῦ
351 702 491 787 μονοχός
509 728 556 780 τις
577 707 612 768 ἐκ
631 707 690 788 τῆς
707 709 805 788 μονῆς
825 711 887 771 τοῖν
902 702 1086 788 Μαγγόνοον
1105 697 1246 785 τοόνομα
1257 706 1288 769 Γ
1285 726 1320 769 ε-

226 804 377 888 ρόσιμος,
397 804 508 881 πολιός
527 806 588 884 μὲν
606 801 663 888 τὴν
681 805 786 886 τρίχαΙ
798 803 963 888 α’νωφελὴς
978 806 1014 868 δὲ
1033 799 1089 868 τόν
1108 804 1240 886 τρόπον·
1264 804 1349 871 naid

224 902 483 989 πατριαρχεόσας
507 902 619 986 όλίγον,
637 897 718 967 iunia
732 906 786 967 καί
805 896 889 968 όκων
909 904 965 969 καί
983 901 1028 988 μὴ
1045 905 1218 989 ἀρέσκοντι
1232 902 1321 991 Ιαι’τιηῖ

224 1004 280 1071 τόν
299 1003 414 1089 θρόνον
436 1004 581 1088 α’φὴσας,
612 995 678 1067 ἄντ’
709 1001 812 1066 αὐτοῦ
824 1007 1056 1084 Ιχειροτονεῖται
1078 1000 1320 1087 Ἡσαΐαςιίνὴρ

224 1103 356 1189 γηραιός
374 1104 429 1167 καί
441 1106 545 1182 τίμιος
564 1100 599 1167 εἰι
613 1104 671 1165 τοῦ
690 1093 783 1184 ὅρους
803 1102 860 1165 τοῦ
876 1093 1033 1183 Ἄθανος,
1050 1101 1130 1167 κατὰ
1145 1101 1321 1188 συγκυρίαν

224 1203 260 1269 ἐν
280 1199 612 1268 Κτονσταιτινουπόλει
633 1200 743 1282 λαχών
766 1198 901 1283 ἐγεγόνει
926 1199 1133 1285 πατριάρχης.

305 1302 356 1367 Ἐν
374 1300 480 1387 ἐκείνῳ
496 1301 542 1387 τῷ
561 1299 665 1388 χρόνῳ
685 1300 802 1382 συνέβη
832 1300 981 1381 γενέσθαι
1001 1299 1134 1380 σεισμόν
1154 1299 1212 1364 τόν
1230 1325 1368 1382 nup-10

225 1405 387 1486 μέγιστον,
408 1401 464 1463 καί
481 1397 593 1463 πολλοί
612 1392 691 1462 οἶκοι
721 1407 907 1481 περιφανεῖς
926 1399 982 1462 καί
1001 1397 1100 1481 όγίοον
1119 1402 1190 1464 ναοί
1208 1397 1239 1463 οἱ
1258 1402 1322 1481 μὲν

224 1498 422 1565 πεπτώκασιν
441 1495 472 1563 οἱ
492 1499 529 1561 δὲ
546 1496 742 1581 ἐρρίγησαν,
760 1501 817 1561 καί
841 1495 954 1564 πολλοὶ
978 1501 1089 1563 στόλοι
1108 1499 1171 1564 τόν
1189 1497 1320 1581 ἱσταμέ-

225 1624 288 1664 νων
304 1601 350 1673 εἰς
369 1594 445 1671 νοός
464 1599 569 1670 κίονας
590 1590 713 1661 drudes
733 1595 855 1663 ἔπεσον.

306 1699 374 1762 Ἐπί
391 1699 448 1780 τῆς
469 1697 633 1777 βασιλείας
652 1698 745 1759 rorida
763 1697 820 1759 τοό
839 1696 995 1778 βασιλέως
1014 1696 1071 1761 καί
1081 1692 1317 1780 αότοκρότορος

191 1794 260 1868 lini
286 1794 426 1880 τριήρεις
449 1787 589 1879 ηὔξησαν
620 1796 666 1869 είς
685 1796 824 1878 πλῆθος·
871 1795 928 1859 καί
945 1817 1027 1871 τινες
1053 1799 1111 1881 τῆς
1137 1794 1315 1877 συγκλήτου
1330 1806 1367 1868 15

154 1896 156 1899 ’
223 1894 341 1978 βουλῆς
365 1896 408 1981 τῷ
430 1896 597 1976 κρατοῦντι
629 1889 846 1974 βουλεύουσιν.
862 1897 930 1981 εἰκῇ
953 1888 1132 1975 ἑτοιμάζειν
1149 1894 1206 1957 καί
1224 1894 1315 1977 drop-

223 1997 305 2059 θοόν
322 1993 378 2058 καί
396 1997 521 2077 κρατείν
540 1985 654 2067 αότός.
693 1993 837 2074 ματαίοις
858 1988 923 2074 όρα
945 1996 1006 2058 τοῖν
1025 1995 1108 2076 νηῶν
1129 1991 1149 2076 ἦ
1167 1987 1316 2075 όαπόνη,

223 2093 337 2176 ἔλεγον,
356 2095 474 2175 μικροῦ
493 2094 557 2157 τῶν
577 2084 681 2156 όλλτον
701 2087 826 2155 πόντων
838 2095 980 2157 ἐπέκεινα
1000 2089 1033 2157 τό
1055 2090 1221 2174 βασιλικὸν
1239 2094 1315 2156 ἐπι.

228 2192 382 2278 τρίβουσα
403 2199 539 2272 ταμείου.
580 2192 596 2256 d
621 2194 656 2256 δὲ
677 2188 827 2273 perstate
847 2201 913 2266 τοῖς
926 2189 1030 2276 λόγοις
1047 2191 1155 2257 adeda
1174 2195 1318 2265 πεισθείς

227 2291 286 2367 τός
307 2289 444 2376 τριήρεις
475 2284 724 2375 α’νεπιμελήτους
742 2296 957 2373 καταλείψας,
991 2294 1036 2378 τῷ
1055 2292 1160 2379 χρόνῳ
1181 2289 1367 2374 διεφθό-αο

228 2414 340 2477 ρησαν,
359 2393 415 2456 καί
433 2386 469 2455 αἱ
489 2392 548 2471 μὲν
566 2387 777 2476 διερρόγησαν
796 2389 830 2454 αἱ
847 2391 883 2455 di
904 2393 1081 2457 κατέδυσαν
1099 2392 1145 2465 είς
1166 2393 1320 2472 πυθμένα

298 2606 324 2642 a.
341 2591 429 2644 τελεῖν
445 2587 532 2642 καλΡ
619 2592 643 2644 5.
665 2585 748 2651 πολός
766 2583 816 2656 τὴν
834 2590 853 2643 P
929 2591 966 2646 ·6.
983 2587 1114 2661 ἀρέσκειν
1129 2609 1157 2645 τι
1171 2587 1200 2641 Μ
1288 2589 1318 2643 8.

303 2664 474 2731 συγκαιρίαν
492 2660 523 2712 P·
609 2661 649 2730 τί.
667 2658 872 2732 αὐτοκράτορος
888 2662 936 2713 καλ
952 2663 1086 2730 βασιλέως
1103 2661 1122 2713 Ρ
1210 2659 1249 2712 15.
1265 2652 1319 2721 τός

298 2729 561 2872 ηρηηρὲιῖςάηιόξηισιχ
576 2729 605 2784 Μ
703 2735 742 2787 16.
761 2731 828 2805 sixti}
847 2727 898 2786 oria
917 2724 969 2790 οὖν
987 2730 1016 2786 Μ
1098 2730 1266 2805 όιορθόνειν
1285 2731 1317 2785 Μ

234 2996 336 3052 liberos
355 2994 483 3048 babebat.
527 2995 626 3048 eratis
651 2995 693 3046 vir
710 2991 941 3072 sapientissimus,
962 2995 1011 3048 sed
1029 2995 1175 3048 admodum
1193 2995 1319 3049 infirmae

229 3067 410 3131 valetudinis,
428 3075 459 3118 ut
477 3065 595 3118 oblatam
620 3066 671 3118 sibi
694 3069 857 3136 provinciam
882 3075 955 3119 recte
972 3067 1160 3120 administrare
1179 3085 1233 3118 non
1252 3084 1319 3137 pos·

231 3149 280 3190 set.
299 3140 391 3209 itaque
411 3154 508 3189 munus
527 3137 685 3206 deprecanti
701 3138 871 3199 Gerasimos,
892 3137 1038 3203 monachus
1060 3155 1075 3189 e
1095 3139 1239 3207 Manganio
1257 3157 1319 3190 mo-

230 3212 368 3273 nasterio,
384 3213 512 3262 suffectus
532 3217 591 3270 est,
610 3207 691 3259 borno
711 3210 784 3260 canis
800 3208 921 3277 capitiis,
947 3209 995 3260 sed
1021 3210 1111 3279 pravis
1128 3209 1257 3261 moribus.
1272 3210 1319 3263 bic

230 3297 314 3350 quum
341 3280 536 3351 aliquantisper
563 3279 690 3331 ecciesiae
716 3279 891 3350 praefuisset,
916 3278 1007 3331 sedem
1024 3281 1118 3331 volens
1134 3280 1231 3331 uniens
1250 3296 1320 3332 con·

231 3351 312 3402 cessit
331 3353 425 3413 isaiae,
444 3351 501 3402 siro
519 3351 578 3401 seni
600 3359 629 3402 ct
645 3351 798 3403 venerando
824 3367 840 3402 e
867 3358 960 3402 monte
977 3348 1085 3403 Athone
1101 3350 1249 3414 monacho,
1268 3351 1318 3422 qui

231 3421 302 3473 forta
320 3421 348 3472 in
368 3422 435 3472 urbe
462 3419 564 3472 aderat.

329 3492 381 3543 llio
399 3500 522 3560 tempore
539 3501 612 3543 terra
627 3497 702 3541 motu
720 3488 823 3557 ingenti
845 3491 1026 3552 contremuit,
1044 3490 1200 3561 multaeque
1218 3491 1319 3545 domus

155 3611 156 3614 ,
230 3563 387 3632 magnificae
417 3571 445 3612 et
461 3570 612 3613 sanctorum
642 3560 723 3612 aedes
752 3561 850 3628 partim
871 3559 1023 3612 sisetructaa
1040 3570 1116 3624 sunt,
1135 3563 1232 3631 partim
1254 3579 1319 3632 ege·

231 3643 294 3686 runt
312 3634 409 3694 rimas,
427 3641 510 3702 atque
529 3640 636 3685 statuae
657 3630 731 3682 baud
750 3646 852 3699 paucae
871 3630 906 3682 da
927 3631 1059 3706 coiumuis
1078 3632 1247 3684 deciderunt.

329 3703 420 3773 Quum
438 3711 564 3771 regnante
591 3702 643 3753 hoc
664 3702 827 3771 imperatore
851 3703 998 3754 triremium
1024 3719 1152 3753 numerus
1168 3703 1319 3756 admodum

231 3783 326 3826 auctus
352 3783 439 3834 esset,
469 3773 640 3842 optimatium
665 3773 791 3823 nonnulli
812 3781 968 3835 suaserunt,
994 3782 1096 3825 temera
1115 3789 1159 3824 eas
1178 3777 1269 3843 parari
1286 3791 1320 3826 ac

231 3847 313 3897 refici.
332 3843 518 3913 nequidquam
535 3844 616 3905 enirn,
633 3843 757 3906 aiebant,
773 3843 906 3912 impensas
924 3844 952 3894 in
970 3859 1050 3894 naves
1069 3843 1152 3895 iactas
1172 3861 1321 3915 propemo-

230 3918 293 3967 dum
312 3917 409 3983 magis,
435 3931 516 3983 quam
536 3930 628 3965 omnes
655 3915 788 3984 reliquas,
812 3915 944 3964 aerarium
968 3914 1119 3966 exhaurire.
1146 3913 1245 3967 horum
1269 3916 1318 3967 iiio

231 3987 345 4039 consilio
362 3987 515 4047 obsecutus,
529 3986 677 4036 triremium
694 4001 784 4035 curam
795 3983 905 4047 abiecit,
922 4000 991 4054 quas
1011 3992 1132 4054 tempore
1150 3985 1319 4054 procedente

230 4060 328 4127 purtim
345 4058 399 4109 situ
417 4054 656 4124 corrumpebantur
673 4055 842 4116 fatiscentes,
860 4056 955 4124 partim
982 4057 1010 4105 in
1031 4073 1104 4106 mare
1122 4056 1319 4125 demergeban-

229 4135 281 4180 tur.
300 4130 392 4199 itaque
411 4137 551 4198 premente
568 4134 662 4197 postea
679 4127 858 4190 necessitate,
883 4142 966 4196 quum
984 4142 1036 4180 noc
1054 4126 1251 4196 gubernatores
1269 4128 1318 4180 ad·
