2760 5092
212 221 298 306 360
534 244 706 311 cuoncu
739 240 980 345 uunusu'muu

210 398 315 461 ου’τοῦ
337 393 486 478 Maeotis.
537 392 592 458 καί
622 390 690 458 sint
717 415 773 473 μοι
791 386 956 471 ιἀντίβαινε
988 387 1085 474 τούτῳ
1113 387 1168 449 καί
1191 382 1303 449 ἔλαυνε

210 494 292 560 αὐτὸ
308 497 410 577 ,μέχρι
429 496 485 558 τοῦ
506 493 594 559 οἴκου
617 494 675 558 τοῦ
694 490 806 573 cirion!
825 493 882 553 καί
901 488 945 563 ὥς
964 485 1147 573 ἐφρόντιζον
1169 485 1303 566 α’ναβυί-

210 619 286 675 νειν,
309 591 408 677 ἔφυγε
422 594 456 655 τό
481 594 601 677 κτῆνος.
646 592 701 654 καί
720 583 805 654 εἶπεν
825 589 915 676 αὐτῷ
931 586 1057 651 ‘tutuno
1077 584 1244 670 ἀσφαλῶς·
1285 583 1303 645 d

210 687 474 774 Μαχούμετγοὶρ
502 693 587 756 ἐστιν
608 683 627 753 ὅ
646 713 682 755 σε
713 684 900 772 βουλόμενος
928 686 1110 768 α’ναβηναιί
1148 684 1205 747 καί
1225 683 1303 745 οἷπε-

209 795 306 874 κρίθη
324 791 359 855 τὸ
382 794 492 874 κτῆνος
500 789 557 873 ιμη
580 790 660 875 ὑπὲρ
683 791 781 855 ου’τοῦ
800 783 1013 868 &restuinus
1035 783 1192 868 οἷπεκριθη
1204 779 1223 844 o‘
1237 784 1269 846 Γ
1267 787 1330 853 ο·5

208 888 306 974 βριηλ
325 889 409 954 ‘aad'
429 893 486 954 καί
505 885 572 954 είπε
595 889 631 954 τὸ
653 893 760 973 κτῆνος
776 887 831 950 ‘aar’
850 882 1049 967 συγχωρήσω
1072 883 1156 970 ου’τῴ
1183 883 1307 963 α’ναβη-

209 1013 282 1065 υαι,
314 990 346 1054 εί
361 988 407 1072 μη
428 986 583 1071 πρότερον
603 989 683 1072 ὑπὲρ
704 989 786 1070 ἐμοῦ
818 988 877 1049 τοῦ
894 987 975 1048 θεοῦ
996 982 1144 1066 δεηθείη)
1183 977 1246 1063 ἐγώ
1269 983 1306 1045 di

208 1087 345 1172 ε’δεηθην
362 1092 425 1152 τοῦ
445 1091 525 1152 θεοῦ
545 1088 626 1171 ὑπὲρ
647 1091 703 1152 τοῦ
725 1087 862 1170 κτήνους,
886 1085 1001 1166 ἐπέβην
1011 1105 1046 1146 τε
1067 1084 1116 1146 ἐπ’
1137 1076 1231 1144 ον’τό.
1252 1080 1308 1143 καί

211 1183 394 1272 περιεπάτει
415 1189 649 1271 ἐπικαθημένου
664 1209 728 1263 μου
743 1186 853 1273 πορείᾳ
873 1184 976 1268 λεπτῇ,
996 1177 1178 1264 ε’πεοτηριζὲ
1198 1203 1232 1244 τε
1251 1178 1307 1261 την

208 1286 313 1370 χηλην
329 1292 390 1350 τοῦ
413 1284 508 1361 ποδὸς
529 1289 563 1350 ἐν
584 1288 626 1376 τῷ
648 1283 784 1370 ὁρίζοντι
801 1287 857 1367 τῆς
879 1275 986 1364 ὅψεως
1009 1275 1122 1344 airon.
1174 1279 1231 1343 καί
1250 1274 1305 1342 οὕ.
1320 1306 1350 1346 ιο

182 1396 271 1461 Broc
301 1378 403 1470 ἦλθον
422 1385 469 1458 εἷς
498 1385 554 1450 τὸν
586 1380 670 1448 οίκον
690 1383 742 1448 τὸν
761 1380 875 1467 ἅγιον,
898 1382 1039 1446 ἐλάττονι
1071 1373 1308 1461 διαστηματιῆ

212 1480 289 1561 ὅσον,
308 1483 402 1549 λίθου
420 1481 500 1567 βολὴ
523 1482 695 1568 τελεσθείη.
739 1476 779 1566 ἦν
800 1485 836 1546 δὲ
856 1482 913 1545 καί
930 1480 946 1542 ὁ
961 1483 992 1544 Γ
990 1477 1106 1562 ὰβριηλ
1125 1480 1193 1559 μετ’
1215 1477 1308 1557 ἐμοῦ,

213 1585 270 1648 καί
289 1576 387 1667 ἤγαγέ
405 1606 446 1665 με
467 1587 513 1658 είς
545 1586 716 1667 α’πορρῶγα
748 1587 783 1646 ἑν
807 1584 854 1667 τῷ
876 1580 949 1668 οἴκῳ
972 1580 1016 1667 τῷ
1045 1576 1124 1665 οἱγίην
1145 1580 1180 1640 ἐν
1199 1576 1311 1663 τῇἹε-

217 1678 390 1767 ρουοαλημ.
441 1681 497 1746 καί
516 1676 584 1746 εἶπέ
604 1705 661 1760 μοι
691 1677 707 1744 ὅ
730 1677 876 1763 Γαβριὴλ
894 1678 1077 1761 κατάβηθι,
1098 1673 1146 1741 ὅτι
1167 1675 1232 1740 α’πό
1254 1678 1312 1758 τῆς

213 1781 333 1865 πέτρας
353 1779 467 1865 ταύτης
490 1777 633 1867 α’ναβηοη
660 1782 706 1854 εἰς
728 1778 784 1844 τὸν
805 1777 960 1860 οὐρανόν.ι
1013 1779 1069 1840 καί
1084 1780 1236 1860 κατέβην,
1256 1777 1313 1838 καί
1324 1777 1367 1841 15-

214 1879 233 1944 ὅ
254 1883 285 1945 Γ
283 1876 400 1964 οβριηλ
426 1875 627 1968 ἠσφαλίσατο
655 1876 736 1959 perui
759 1873 872 1942 κύκλου
894 1873 974 1960 πρὸς
1003 1873 1061 1960 την
1082 1875 1257 1959 ἀπορρῶγα
1278 1873 1312 1940 τὸ

215 1981 325 2062 κτῆνος
359 1976 395 2041 τό
419 1975 578 2060 Μπερὰκ,
609 1979 899 2061 saciacensem
932 1978 966 2040 ἐν
992 1967 1189 2056 τοϊς-ὤμοις
1210 1974 1314 2038 αὐτοῦ

216 2081 315 2162 μέχρι
343 2080 403 2144 τοῦ
435 2077 585 2161 οὐρανοῦ.
637 2080 694 2141 καί
726 2073 776 2141 ὅτε
808 2069 946 2159 ἤλθομεν
973 2074 1054 2157 πρὸς
1079 2072 1133 2140 τόν
1164 2072 1315 2157 ου’ρονόν,

217 2176 348 2262 ἔκρουσε
369 2175 428 2260 την
447 2174 553 2260 θύραν
570 2174 757 2260 ὄΓαβριὴλ,
776 2172 898 2259 ἐρρηθη
912 2197 944 2239 τε
958 2172 1037 2258 πρὸς
1060 2172 1158 2239 αὐτὸν
1173 2173 1235 2248 ιτίς
1254 2166 1317 2251 εί,·’

218 2275 378 2362 α’πεκρίθη
401 2273 533 2359 dd‘e'ym'
553 2280 620 2357 είμι
650 2272 851 2359 ὄΓαβριηλῖ
900 2270 1023 2359 ἐρρηθη
1042 2297 1076 2338 τε
1110 2272 1207 2337 πάλιν
1229 2271 1355 2359 adaigiso

214 2374 275 2451 ”τίς
296 2376 364 2440 ἐστι
385 2375 464 2456 μετὰ
487 2375 581 2455 οοῦ,·’
603 2376 759 2458 ἀπεκρίθη
775 2370 805 2437 ‘d
827 2372 1030 2456 magnaper!
1065 2369 1132 2438 εἶπε
1155 2374 1190 2436 δὲ
1213 2371 1230 2434 ὁ
1252 2377 1314 2436 θυ-

220 2471 326 2559 ρωρός
340 2472 395 2558 ‘wi
417 2471 496 2558 ὑπὲρ
512 2471 626 2539 τούτου
639 2467 677 2560 ἧν
697 2473 717 2558 ἦ
738 2469 934 2557 innormis
956 2474 1011 2536 καί
1029 2465 1114 2536 εἶπεν
1136 2467 1316 2555 ὄΓαβριηλ

298 2681 319 2715 r.
337 2662 468 2736 λμπαράκ
487 2663 549 2716 MP:
571 2682 631 2718 corr
648 2665 786 2718 Alterue·
845 2666 870 2735 4.
890 2664 1049 2739 μιοάριεθλ)
1132 2679 1174 2716 ai.
1193 2660 1319 2736 μωιίμεθ

291 2733 314 2787 1³
362 2750 405 2786 aa.
424 2734 591 2802 intercidi)
805 2741 817 2747 “

225 2919 268 2969 eo,
283 2904 312 2956 in
331 2921 386 2976 quo
405 2903 470 2969 est,’
489 2905 624 2977 simulque
651 2905 767 2959 adduxit
784 2906 851 2960 mihi
876 2908 1026 2959 iumentum
1058 2906 1146 2958 maius
1164 2904 1252 2966 asino,
1269 2902 1317 2955 sed

224 2977 315 3028 miuus
332 2976 421 3041 muto,
440 2978 517 3031 cuius
536 2995 636 3030 nomen
653 2979 736 3030 Besae
757 2988 821 3030 erat.
863 2978 963 3030 deiude
983 2978 1054 3029 dinit
1067 2975 1231 3028 ‘conscende
1249 2974 1319 3026 hanc

225 3046 341 3098 bestiam
361 3057 389 3100 et
405 3047 504 3101 vehere
530 3050 565 3100 ad
589 3058 706 3101 sanctam
727 3047 849 3102 aedem*
885 3050 932 3101 scd
952 3050 1050 3113 bestia,
1069 3064 1151 3119 quum
1171 3062 1229 3096 earn
1252 3062 1319 3097 con·

227 3119 356 3171 scendere
374 3118 481 3183 vellem,
501 3121 616 3188 aufugit.
651 3130 679 3172 at
696 3122 744 3172 ille
762 3121 886 3173 clamarit
900 3119 1046 3185 ‘consiste3
1063 3118 1233 3170 Mobametes
1248 3116 1319 3168 euim

225 3197 255 3241 te
272 3205 462 3241 conscensurus
480 3188 539 3243 est)
574 3191 715 3260 respondit
733 3191 821 3243 bestia
836 3190 958 3261 ‘propter
976 3192 1090 3242 illumne
1108 3190 1207 3240 missus
1227 3184 1317 3238 surra?⁸

225 3259 261 3311 ad
280 3277 350 3329 quae
369 3259 479 3312 Gabriel
497 3257 544 3312 ‘es’
564 3261 662 3331 inquit.
700 3279 790 3313 rursus
817 3262 903 3314 bestia
917 3262 985 3313 ‘nou
1002 3261 1156 3351 permittam
1171 3259 1209 3321 ei,
1228 3267 1260 3308 ut
1276 3272 1318 3310 me

225 3330 399 3393 conscendat,
418 3333 470 3382 nisi
489 3333 564 3400 prius
583 3350 632 3402 pro
650 3349 693 3383 me
714 3331 794 3384 deum
814 3342 939 3405 precatus
958 3334 1002 3385 sit.
1054 3333 1146 3400 itaque
1165 3347 1217 3397 ego
1238 3327 1318 3380 deum

226 3410 349 3470 precatus
369 3418 419 3470 pro
438 3401 543 3465 bestia,
564 3403 711 3454 conscendi
731 3421 799 3455 eain.
846 3405 993 3473 asportavit
1010 3419 1052 3454 me
1070 3402 1275 3462 faciti-itinere,
1292 3406 1319 3450 et

227 3472 356 3538 unguium
374 3471 450 3539 pedis
470 3473 499 3523 iu
518 3472 600 3537 orbe,
617 3492 671 3543 quo
690 3475 836 3526 finiebatur
854 3477 926 3526 visus
947 3475 1014 3536 eius,
1032 3472 1139 3541 sugebat.
1158 3471 1198 3522 ita
1218 3487 1270 3539 ego
1291 3469 1319 3520 in

226 3550 345 3592 sanctum
364 3540 458 3593 aedem
476 3545 588 3611 perveni
607 3543 725 3595 breviori
739 3548 836 3617 spatio,
855 3562 934 3614 quam
954 3563 1008 3614 quo
1030 3546 1114 3594 iactus
1134 3541 1235 3611 lapidis
1254 3557 1319 3592 eon·

226 3613 324 3664 iicitur.
360 3611 539 3665 comitabatur
565 3631 609 3665 rue
635 3617 717 3666 etiam
736 3615 848 3667 Gabriel
874 3624 902 3667 et
926 3615 1003 3667 duxit
1020 3631 1062 3665 me
1081 3614 1109 3664 iu
1128 3612 1318 3682 praecipitium

226 3681 363 3752 quoddam
390 3683 420 3733 iu
447 3683 515 3734 aede
544 3684 807 3751 Hierosolymorum,
839 3685 962 3756 dixitque
983 3682 1146 3745 ‘descende,
1166 3692 1198 3735 ut
1215 3699 1251 3734 ex
1269 3681 1320 3734 hoc

227 3770 291 3807 sexo
312 3752 439 3803 ascendas
460 3753 488 3803 in
507 3753 629 3805 coelum?
667 3756 796 3808 descendi
815 3757 903 3823 igitur,
922 3766 1004 3826 atque
1022 3756 1116 3823 ligavit
1136 3750 1251 3805 Gabriel
1269 3769 1319 3804 en·

226 3826 293 3877 nuto
305 3826 332 3875 in
346 3824 506 3894 praecipitio
514 3827 595 3875 Berac
609 3825 732 3889 bestiam,
754 3829 837 3896 inque
850 3828 935 3896 ipsius
947 3836 1023 3895 tergo
1042 3825 1142 3877 deiude
1161 3826 1193 3876 iu
1212 3823 1319 3876 coelun

225 3898 346 3965 pedatus
370 3912 435 3946 sum.
478 3912 560 3965 quum
594 3895 628 3946 ad
653 3897 759 3947 coelum
783 3899 955 3961 venissemus,
974 3904 1051 3966 porta
1070 3914 1086 3948 a
1105 3893 1237 3947 Gabriele
1258 3902 1344 3964 per-⁹

227 3984 324 4023 cussa,
343 3973 461 4034 rogatum
483 3974 525 4017 est
539 3964 611 4034 ‘quis
631 3965 738 4018 admi?
775 3968 915 4019 resonuit
934 3969 982 4019 iiie
996 3967 1056 4033 ‘ego
1075 3967 1168 4018 adsum
1187 3958 1318 4018 Gabriel?

229 4053 319 4087 rursus
340 4046 461 4101 rogatum
486 4044 528 4087 est
552 4036 624 4105 ‘quis
651 4047 739 4088 tecum
766 4035 844 4089 est.‘
890 4038 939 4090 iile
955 4036 1149 4090 ‘Moirametes‘
1170 4052 1212 4088 res
1234 4032 1317 4088 ondit

227 4113 284 4158 tum
302 4108 402 4160 ianitor
420 4107 523 4160 ‘nonne
543 4106 577 4160 ob
603 4125 664 4169 eum
689 4110 741 4160 iter
763 4109 833 4161 istud
853 4119 1005 4181 susceptum
1026 4107 1096 4162 est?'
1125 4103 1190 4160 ‘est’
1208 4053 1319 4160 (initiet
