2724 5114
167 631 223 695 nn
250 629 616 699 rssmsstousoeuss
635 633 805 702 uxormo
821 635 1048 706 ntnntmo.
1077 559 1166 729 ῖές)

66 780 208 847 scisses
240 785 302 845 ruis
323 773 524 865 ἔνδον,ὀύτ’
553 785 683 862 ἐξωθεῖν
713 785 813 851 αύτού
860 783 945 871 εἶχεν
967 790 1073 867 ούιῖείς
1094 793 1164 858 ott

66 881 238 960 έπωσούν,
271 876 383 944 τούτου
401 885 675 968 προβεβλημένου)
702 885 802 949 πολλά
817 809 941 952 ‘oritus
962 894 1165 956 κατέσπασαν

66 983 114 1055 τίς
132 978 254 1064 ἔδαφος
274 984 374 1062 μέρη,
396 973 469 1044 n‘s'or'
498 978 583 1063 ἔχειν
605 984 737 1054 εἰσιέναι,
758 992 962 1070 παμπληθεῖς
983 992 1018 1054 έν
1038 992 1084 1078 τῷ
1103 1015 1163 1070 με.

64 1077 146 1158 ταξύ
178 1082 240 1143 τῶν
264 1081 379 1161 τειχῶν
409 1075 514 1167 τόπερ,
547 1080 703 1162 κλίμακάς
725 1107 761 1148 τι
781 1088 961 1165 εἰσκομίσαι
980 1091 1051 1169 μετ’
1070 1092 1163 1174 τύχε-

32 1181 169 1262 5ρείοις,
189 1177 244 1242 κατ’
264 1178 392 1254 ταύταις
412 1175 448 1242 τύ
471 1183 553 1261 μέγα
576 1189 679 1264 τεῖχος
701 1185 908 1268 ἐπαναβῆναι.
949 1185 1086 1269 βάσιμον
1106 1184 1164 1254 osis

64 1279 101 1346 τύ
124 1275 185 1355 ἔξω
205 1279 415 1360 πεποιήκεσαν
445 1279 649 1363 διατείχισμα
677 1286 788 1347 τοῦτον
808 1281 863 1350 τύν
883 1281 1012 1369 τρόπον,
1034 1286 1090 1353 καί
1107 1291 1222 1381 τῆς33η

62 1381 189 1460 τοξικῆς
220 1376 369 1477 πολλάκις
388 1379 444 1461 τῆς
466 1374 612 1463 ἡμέρας,
647 1379 730 1446 άλλά
762 1383 802 1467 «λη’
823 1382 881 1448 καί
899 1386 955 1465 τῆς
975 1384 1085 1462 νυκτὸς
1105 1390 1163 1451 oris

63 1477 225 1561 η’μέλουν,
253 1477 311 1539 τού
332 1481 451 1562 μικρού
477 1482 605 1561 τείχους
637 1476 687 1546 ὅτε
715 1482 796 1563 πρὸς
823 1482 1024 1550 κατάστασιν
1042 1481 1163 1572 ᾔεσαν·

63 1579 133 1652 noir
152 1572 210 1657 γάρ
234 1569 273 1639 ris
296 1572 369 1656 ἕχον
386 1573 468 1657 μετά
481 1580 621 1654 πλείονος
635 1578 825 1663 ὑπορύττειν
844 1585 955 1661 α’δειόις
976 1580 1065 1668 αύτό,
1087 1586 1164 1663 τούς

13 1677 120 1742 ιούπῖ
138 1676 196 1739 τού
209 1678 354 1755 μείζονος
372 1681 497 1768 τείχους
516 1679 548 1742 εἰ
566 1676 609 1762 μη
632 1688 699 1754 τοῖς
711 1682 837 1761 βέλεσιν
857 1681 1008 1767 άπεῖρχον
1027 1683 1074 1770 μή
1093 1695 1164 1752 κατ’

62 1773 181 1839 αύτοῖν,
194 1773 251 1841 καί
267 1770 398 1852 τούτους
421 1770 539 1855 ὁμοίως
557 1785 676 1860 χωρεῖν
690 1776 746 1841 καί
763 1777 802 1844 τά
825 1783 1033 1864 παραπλήσια
1058 1785 1163 1870 δράνς

61 1872 145 1957 πλὴν
164 1876 220 1936 καί
239 1867 342 1948 ούτως
361 1875 430 1938 ούὸ’
451 1870 543 1956 ἡμεῖς
566 1877 747 1958 η’μελούμεν
769 1881 829 1943 τού
840 1877 928 1952 ,κατά
951 1878 1088 1964 δύναμιν
1109 1881 1163 1968 ἔρ·

60 1998 129 2056 γον.
172 1973 266 2037 πλέον
301 1975 337 2037 δὲ
366 1976 429 2039 τῶν
449 1968 552 2039 ἄλλων
581 1974 754 2058 ἐχρώμεθα
782 1981 821 2064 τῇ
854 1983 1030 2069 καλουμένῃ
1054 2007 1163 2072 σκευη,

63 2067 103 2156 ἧς
132 2066 211 2156 ἦχον
232 2076 292 2154 μὲν
322 2073 478 2158 ἠκούομεν
507 2073 624 2157 μόνον,
646 2073 739 2159 ἔργον
760 2080 796 2141 δὲ
818 2077 962 2144 ούδέποε’
985 2078 1111 2163 εἴδαμέν
1122 2107 1162 2163 ,τι

13 2170 221 2256 ιόλαμπρόν,
242 2174 298 2237 καί
316 2175 417 2237 τούτο
437 2177 553 2258 πολλῆς
576 2175 611 2240 ἐν
631 2174 709 2259 ἡμῖν
730 2169 828 2262 ούσης
849 2181 906 2260 τῆς
929 2182 1162 2268 ἐσκευασμένης

60 2273 204 2356 βοτάνης,
226 2271 369 2358 άφειδιύς
388 2295 421 2336 τε
446 2272 525 2338 κατά
547 2273 649 2338 πάντα
669 2278 782 2358 καιρὸν
805 2271 1066 2366 άναλισκομένης.

166 2369 195 2436 ι’.
242 2374 339 2436 Ταῦτ’
364 2362 422 2436 σύν
440 2373 496 2438 snt
514 2375 619 2455 τρισίν
647 2365 729 2456 ἦσαν
749 2368 883 2459 ἡμέραις
903 2379 1064 2459 γινόμενα.
1108 2380 1164 2446 καί

59 2472 231 2554 τηνικαῦτα
259 2470 298 2555 δή
317 2494 398 2546 τινες
427 2467 462 2535 ἕν
478 2495 543 2535 τισι
572 2475 636 2536 τάν
656 2474 771 2554 τειχῶν
798 2477 927 2556 μέρεσιν
945 2473 1066 2552 ἔξωθεν
1087 2480 1164 2561 περί

58 2575 162 2652 μέσας
182 2570 296 2644 νύκτας
316 2567 431 2651 ἰόντες,
461 2573 515 2654 τῆς
534 2561 690 2654 ἡμετέρας
716 2572 886 2662 κηδόμενοι
904 2578 1074 2659 σωτηρίας,
1098 2578 1161 2643 πά-

10 2665 207 2752 accurristis
217 2667 297 2753 πρὸς
312 2665 449 2749 πόλεμον
462 2667 725 2752 παρεσκευάσθαι
737 2667 796 2752 τη“ν
815 2671 973 2753 στρατιάν
982 2677 1159 2757 προαγγέλ.

57 2776 181 2846 λουσιν,
206 2767 283 2834 ύσον
303 2793 338 2833 τε
359 2772 434 2852 περὶ
452 2766 506 2834 τύν
527 2764 709 2853 Μουράτην
725 2765 912 2855 πεζόν,καί
928 2776 985 2856 τῆς
1007 2775 1160 2858 τετάρτης

56 2867 180 2954 ἡμέρας
201 2865 418 2954 διουγασάσης
431 2863 607 2950 βούλεσθαι
627 2869 700 2932 καθ’
720 2868 810 2955 ἡμῶν
830 2861 886 2956 ὅλη
901 2871 1037 2952 δυνάμει
1058 2896 1160 2957 κεχω-

128 3053 154 3104 9.
172 3034 273 3108 ιλχονῖ
362 3051 406 3088 ar.
423 3033 476 3108 ys?

56 3174 207 3228 suffodiens
225 3174 328 3248 (neque
351 3174 422 3226 enim
440 3172 565 3226 custodes
585 3170 716 3235 ederant,
734 3172 884 3225 imminutis
901 3171 1110 3239 habitatoribus,
1128 3186 1157 3231 et

55 3246 198 3317 qui'intus
217 3255 311 3309 erant,
341 3262 388 3296 eos
419 3245 491 3295 lorus
520 3244 641 3312 pellere,
660 3259 720 3293 cum
740 3244 814 3294 obvii
834 3243 1025 3308 obiicerentur,
1044 3248 1155 3298 minime

54 3316 199 3390 valebant)
221 3319 354 3387 potiorem
379 3316 454 3366 illius
481 3324 586 3384 partem
615 3315 644 3364 in
670 3315 756 3365 solum
789 3314 930 3378 disiecere,
949 3324 979 3368 ut
997 3317 1049 3368 insu
1065 3318 1155 3374 aditus

54 3388 265 3459 quamplurimis
285 3389 315 3438 in
327 3386 446 3438 medium
464 3385 536 3436 iuter
548 3401 640 3435 muros
659 3385 776 3452 spatium
811 3393 905 3449 steret,
923 3385 1075 3457 liceretque
1094 3396 1155 3444 tuto

54 3460 143 3511 scalas
156 3458 286 3510 invehere
304 3465 333 3510 et
344 3473 469 3526 magnum
485 3473 591 3506 murum
608 3454 771 3519 ascendere3
789 3401 964 3526 {exteriorem
983 3458 1076 3527 itaque
1094 3475 1155 3509 mu-

53 3547 114 3582 rum
132 3529 184 3581 hoc
201 3529 284 3582 modo
305 3529 428 3600 pervium
450 3526 502 3579 sibi
522 3525 635 3595 secerm)
654 3533 683 3576 et
701 3526 809 3595 saepius
827 3526 948 3580 interdiu
969 3529 1079 3595 sagittas
1099 3530 1153 3581 im-

51 3601 170 3671 pellere,
188 3617 336 3671 aquarum
356 3601 427 3651 iactu
446 3613 480 3650 ne
498 3604 580 3651 noctu
606 3595 717 3665 quidem
735 3596 884 3660 abstinere,
902 3595 966 3648 dum
987 3598 1021 3649 sd
1039 3616 1152 3668 parvum

51 3689 161 3724 murum
180 3673 209 3724 iis
228 3673 340 3741 planum
359 3667 553 3722 effundendum
571 3664 731 3736 procedunt.
768 3682 824 3737 quo
843 3667 943 3720 etenim
960 3678 1039 3738 pactu
1058 3686 1151 3724 secure

52 3744 132 3794 illum
148 3743 286 3802 κολούετε
304 3741 469 3812 potuissent,
485 3739 517 3791 ai
535 3739 563 3798 in
577 3738 678 3789 maiore
698 3754 773 3789 muro
793 3746 894 3790 stantes
912 3737 1037 3793 homines
1055 3741 1151 3797 loculis

52 3812 229 3883 impedirent,
248 3831 284 3865 ne
301 3814 365 3864 illus
384 3809 472 3862 adorti
489 3810 589 3862 similia
614 3807 833 3861 machinarentur
860 3817 888 3862 et
905 3808 1045 3864 facerent?
1081 3822 1152 3865 attn·

51 3901 116 3936 men
136 3900 227 3955 neque
246 3886 297 3937 ists
318 3884 436 3943 ratione,
456 3896 491 3932 ne
510 3897 577 3950 opus
591 3887 712 3930 nostrum
730 3896 779 3948 pro
796 3878 896 3931 viribus
915 3897 1065 3949 ageremus,
1084 3888 1150 3935 elle.

51 3963 158 4008 cerunt.
196 3956 244 4008 sed
256 3964 320 4008 ante
340 3955 393 4005 ulia
413 3969 446 4004 eo
459 3951 602 4004 utebamur
620 3951 811 4012 instrumento,
829 3952 906 4003 cuius
923 3955 1069 4022 strepitum
1087 3962 1150 4006 tan.

49 4034 110 4078 tuns
128 4025 240 4079 nuribus
263 4023 496 4096 percipiemus,
514 4021 615 4074 lactura
634 4037 708 4082 vero,
731 4019 806 4090 quod
825 4021 954 4094 equidem
975 4024 1150 4088 innotuisset,

49 4113 192 4167 uunquam
210 4098 336 4156 vidimus,
354 4097 421 4148 licet
437 4095 556 4166 pulveris
576 4093 729 4162 praeparati
757 4093 836 4162 copia
854 4092 1008 4146 abundaret
1024 4103 1053 4147 et
1069 4095 1151 4166 largi-

49 4176 95 4221 ter
110 4170 276 4239 profuseque
298 4168 370 4218 omni
392 4175 513 4234 tempore
535 4165 725 4215 insumeretur.

125 4256 166 4291 ιο.
204 4241 278 4291 llaec
305 4239 387 4306 igitur
410 4235 531 4288 triduum
560 4234 732 4304 gerebantur.
760 4233 889 4285 nonnulli
908 4232 1037 4303 deinceps
1055 4234 1084 4286 in
1103 4251 1151 4286 ex-

46 4318 142 4362 ternas
168 4311 237 4362 muri
256 4317 346 4380 partes
363 4315 442 4359 nocte
462 4304 552 4357 media
574 4306 726 4376 progressi,
756 4303 791 4355 de
816 4303 904 4356 salute
923 4312 1016 4356 nostra
1033 4305 1149 4370 soliciti,

46 4381 207 4433 universum
233 4380 381 4434 exercitum
406 4376 587 4446 peditesque,
606 4377 653 4445 qui
673 4376 805 4426 Moratum
825 4372 1022 4444 sequebantur,
1043 4375 1078 4427 ad
1096 4393 1149 4445 pu-

47 4451 189 4519 gnandum
209 4468 269 4504 esse
307 4451 470 4503 eratissimos
489 4447 704 4515 praenunciant,
722 4446 870 4514 statimque
889 4453 972 4516 atque
991 4444 1149 4518 diesquar·

45 4531 94 4576 tus
114 4523 245 4588 illuserit,
264 4470 394 4576 atberun
411 4535 463 4574 nos
480 4517 584 4571 cunctis
602 4517 704 4570 viribus
718 4516 917 4585 aggressionem
933 4516 1081 4588 iacturum,
1095 4536 1146 4572 ns-
