2760 5092
232 250 319 338 368
547 281 720 348 unouou
752 259 995 346 nuuturzan

230 430 415 513 ἀγνοοῦντές
434 430 496 495 εἰσι
516 428 574 515 τήν
601 433 658 496 τοῦ
678 428 873 497 διδασκάλου
893 429 1002 498 αῦτών
1022 428 1234 521 ματαιότητα.
1256 428 1327 502 ἀλλ’

230 524 315 609 ὅμως
334 528 469 592 κάκεῖνοι
490 527 681 616 ἀσύμφωνοι
701 528 783 617 πρὸς
801 529 958 616 ἀλλήλους
976 531 1188 615 ῦπάρχουσιν.
1213 532 1245 599 οἷ
1263 539 1325 615 μέν

229 628 291 711 γάρ
312 627 354 713 τῷ
382 630 441 690 τοῦ
461 627 602 693 θανάτου
627 629 716 716 φόβῳ
738 625 939 707 καίάκοντες
966 629 1111 714 ἕπονται,
1140 635 1172 698 εἰ
1190 637 1223 699 d'
1246 633 1326 712 ἴσως

231 727 364 813 ἀφόβως
381 727 436 792 καί
455 727 488 793 ἐν
507 731 635 819 ε’ξουσίῳ
656 733 722 818 ἰδίῳ
743 731 902 814 ἐγένοντο,
927 728 1027 807 εάθῦς
1049 735 1239 816 Χριστιανοὶ
1258 736 1327 816 ε’γέ·

229 849 320 891 νοντα
342 819 402 892 dr·
454 825 485 892 οῖ
514 830 550 892 δὲ
582 830 623 915 τῇ
653 827 755 918 πλάνῃ
777 833 1034 912 συναπαχθέντες
1062 830 1105 906 ώς
1132 836 1249 914 βέβαια
1272 832 1350 899 καὶὸ

231 921 337 1010 ἀληθῆ
356 928 412 992 καί
432 922 477 1001 ώς
503 926 728 1011 ὡμολογημένα
757 925 867 1011 ἔχουσι
897 927 935 994 τά
961 932 1020 995 τοῦ
1041 930 1200 1012 Μωάμεθ
1217 930 1326 1017 φεῦιλφ

231 1030 287 1090 καί
307 1025 527 1108 στρατεύματα
537 1052 552 1113 χ
588 1023 618 1089 οἱ
635 1029 671 1091 δὲ
691 1029 730 1090 osi
752 1028 919 1109 βούλονται
935 1021 1109 1111 ἀποστῆναι
1129 1033 1186 1114 τῆς
1206 1052 1327 1114 πατρο·

229 1126 415 1208 παραδότου
436 1125 557 1209 πλάνης
575 1125 683 1191 αῦτών
702 1127 795 1192 oldut
812 1128 875 1192 τών
889 1129 1013 1209 γονέων,
1034 1127 1101 1192 ἀλλ’
1120 1130 1172 1193 ἐπ’
1194 1132 1327 1204 έκείνοις

228 1228 355 1289 τιθέασι
373 1223 431 1307 τήν
449 1226 556 1291 αἰτίαν
574 1228 630 1310 τῆς
651 1223 732 1309 πρὸς
749 1224 828 1290 θεάν
850 1226 1043 1309 ἀπολογίας·
1098 1224 1128 1292 ut
1151 1230 1188 1293 δὲ
1209 1226 1267 1292 διά
1288 1226 1322 1293 τά

228 1318 337 1388 άνετον
357 1328 413 1388 καί
432 1323 602 1409 ε’λεῦθερον
616 1327 671 1389 καί
688 1327 764 1410 περί
782 1324 842 1401 τάς
862 1324 977 1410 ἡδονάς
993 1321 1170 1408 ἐνδόσιμον·
1184 1324 1234 1406 οῦι
1246 1325 1324 1410 βοά·
1333 1353 1362 1394 ro

228 1432 336 1491 λονται
357 1426 530 1506 ἀποστῆναι
543 1428 600 1510 τῆς
622 1421 755 1509 πλάνης,
777 1422 859 1489 ἀλλά
879 1422 938 1508 τὴν
961 1427 1162 1510 ἀκαθαρσίαν
1184 1429 1242 1490 καί
1259 1452 1325 1505 μοι.

227 1527 321 1592 ταίαν
353 1527 477 1590 δίαιταν
504 1526 754 1610 προαιροῦνται,
790 1526 994 1608 γινώσκοντες
1014 1529 1073 1606 μέν
1095 1522 1144 1599 ὅτι
1165 1518 1224 1589 οῦκ
1245 1530 1326 1592 εἰσιν

228 1620 290 1690 ini
315 1628 395 1689 θεοῦ
415 1621 454 1688 τά
478 1624 651 1706 λεγόμενα,
690 1629 818 1708 λέγουσι
839 1627 868 1688 d'
890 1618 976 1706 ὅμως
996 1618 1158 1710 άντικρυς,
1182 1624 1228 1701 ώς
1248 1648 1326 1709 προ-

230 1726 365 1808 είρηται,
389 1719 437 1789 ὅτι
459 1720 536 1788 ὁδὸν
559 1724 692 1788 ένιολών
711 1746 770 1789 σου
791 1727 909 1809 γνῶναι
930 1727 968 1788 od
986 1725 1154 1806 βούλομαι.
1196 1727 1256 1788 καί
1273 1723 1325 1789 διά

211 1855 213 1857 ¹
229 1829 325 1890 τοῦτο
347 1823 424 1887 οῦδὲ
444 1825 696 1908 παραχωροῦσιν
719 1822 993 1907 ἀναγινώσκεσθαι
1009 1821 1067 1907 τήν
1079 1823 1173 1887 θείαν
1193 1820 1324 1909 γραφῆν
1333 1824 1360 1887 15

228 1928 306 2007 παρ’
329 1924 476 2004 ἐκείνοις,
502 1926 554 1988 ἵνα
576 1922 620 2006 μὴ
644 1921 680 1987 τὸ
703 1926 762 1987 τοῦ
785 1920 979 1988 διδασκάλου
1003 1923 1113 1986 αῦτών
1133 1925 1260 2004 ψεῦδος
1280 1925 1324 1998 εἰς

229 2020 357 2106 ἔλεγχον
375 2019 463 2111 ἔλθῃ.
514 2027 549 2089 έν
582 2021 643 2107 γάρ
672 2026 717 2111 τῳ
736 2026 897 2112 κεφαλαίῳ
928 2026 972 2113 τῷ
990 2024 1080 2088 Ἰωνᾶ
1100 2019 1185 2087 οῦτω
1206 2027 1324 2109 φησίν,

229 2120 282 2187 ὅτι
302 2117 362 2188 κάν
383 2121 492 2198 ὁποῖός
513 2144 589 2187 ποτε
612 2122 781 2209 φωραθείη
802 2123 973 2206 ἀντιλέγων
992 2127 1037 2208 σφ’
1055 2119 1160 2207 κοράν,
1184 2122 1324 2198 θάνατος

230 2220 313 2288 ἔστω
333 2222 354 2306 ἦ
375 2224 533 2308 τιμωρία,
554 2225 641 2306 μηδὲ
656 2223 817 2287 πιστεύειν
838 2227 945 2304 ἕτερον
965 2221 1047 2307 πλὴν
1069 2221 1191 2286 αὐτοῦ·
1236 2225 1272 2287 ἐν
1290 2225 1323 2286 dl

229 2325 274 2410 τῳ
292 2323 454 2411 κεφαλαίῳ
474 2325 517 2410 τῷ
534 2321 661 2403 Ἀμράμ
671 2345 752 2407 φησι
762 2316 815 2404 ιμῆ
837 2318 1025 2404 πιστεῦσητε
1045 2320 1153 2404 ἕτερον
1173 2320 1261 2406 πλὴν
1270 2322 1356 2385 τοῦτο

228 2419 381 2503 ἑπομένου
392 2424 436 2510 τῷ
459 2417 600 2508 ἡμετέρῳ
616 2419 721 2509 νόμῳ,’
742 2422 846 2485 καίτοι
858 2444 894 2503 γε
915 2420 950 2484 τά
965 2421 1150 2504 εάαγγέλιον
1163 2424 1323 2506 σωτηρίαν

227 2513 310 2586 εἶναι
338 2523 436 2604 λέγων
462 2521 519 2584 καί
549 2518 698 2604 ὁάφγιαν,
727 2517 784 2583 καί
808 2521 909 2602 μηδὲν
938 2513 1022 2584 εἶναι
1043 2526 1110 2595 τοῖς
1127 2522 1322 2604 Σαραιιιγνσίς

228 2617 273 2706 μῦ
295 2614 484 2705 πληρώσασι
504 2616 541 2685 τά
563 2620 745 2703 εάαγγέλιον
763 2616 820 2684 καί
836 2616 889 2685 τὸν
902 2616 1009 2702 νόμον.
1050 2620 1147 2684 πάλιν
1169 2619 1206 2685 δὲ
1227 2617 1245 2685 ὁ
1266 2615 1320 2684 osi·

304 2805 345 2860 ιγ.
362 2788 444 2843 nonii)
536 2805 575 2860 ¹9·
595 2786 710 2844 lutosi>

160 2953 162 2957 ’
230 2975 311 3030 quum
331 2957 481 3029 disputent,
502 2957 695 3010 refutationem
715 2963 877 3010 metuentes.
919 2972 1011 3028 neque
1028 2957 1101 3009 enim
1118 2958 1250 3026 ignorant
1268 2977 1320 3013 nsa-
1373 2930 1376 2998 i

229 3032 307 3100 gistri
325 3032 367 3082 sui
386 3032 542 3083 vanitatem.
585 3028 673 3080 nihilo
696 3035 788 3080 tamen
815 3031 903 3080 minus
930 3030 983 3099 ipsi
1008 3031 1080 3082 iuter
1099 3044 1128 3079 se
1147 3028 1318 3085 dissentiunt.
1373 3055 1374 3058 ¹

229 3103 278 3154 atii
296 3102 370 3154 enim
387 3102 466 3153 inriti
484 3110 558 3153 metu
577 3101 670 3152 mortis
688 3116 750 3151 eum
768 3109 927 3169 sequuntur,
955 3101 1019 3168 qui,
1040 3102 1062 3151 si
1083 3101 1182 3151 timore
1198 3104 1278 3155 vacui
1294 3103 1320 3156 el

228 3174 270 3224 sui
292 3173 359 3225 iuris
379 3181 484 3236 sinent,
506 3172 597 3224 statim
625 3170 771 3223 Christiani
796 3171 908 3234 fierent3
933 3171 999 3234 ulii,
1026 3185 1116 3221 errore
1138 3171 1277 3238 obstricti,
1291 3179 1327 3226 ut*
1373 3187 1376 3238 t

227 3252 301 3296 certa
320 3251 348 3295 et
364 3260 426 3294 vera
446 3251 474 3294 et
499 3242 613 3312 probata
631 3249 795 3293 venerantur
816 3240 955 3292 mendacia
983 3250 1010 3293 et
1036 3241 1159 3310 prodigia
1177 3243 1318 3296 Molrmo·
1374 3239 1376 3294 i

228 3315 282 3378 εἰσ,
301 3315 348 3363 alii
367 3331 383 3365 a
400 3314 547 3365 maioribus
560 3314 613 3365 sibi
632 3312 745 3366 traditos
760 3328 862 3364 errores
881 3321 993 3380 propter
1010 3311 1202 3365 verecundiam
1225 3322 1322 3385 pam·

226 3391 284 3436 turn
304 3385 458 3454 relinquere
481 3401 538 3436 non
569 3382 689 3446 nudent,
719 3382 768 3435 sed
785 3383 834 3434 hos
853 3382 907 3433 sibi
924 3381 959 3433 ad
977 3382 1056 3433 deum
1075 3386 1249 3438 excusationi
1265 3385 1322 3438 fort

227 3453 382 3519 conlidunt3
402 3456 449 3506 alii
471 3455 590 3524 denique
605 3462 718 3523 propter
734 3453 932 3522 indulgentiam
952 3461 980 3504 et
997 3452 1150 3505 libertatem
1170 3463 1202 3507 et
1218 3457 1323 3510 venusi

229 3524 383 3594 explendae
403 3524 527 3576 libidinis
546 3541 662 3576 errorem
684 3524 809 3576 deserere
828 3531 960 3588 recusant,
980 3531 1061 3594 atque
1079 3525 1216 3592 impuram
1234 3536 1264 3580 et
1277 3533 1321 3582 vi·

228 3613 292 3648 nam
320 3597 401 3647 vitatu
421 3602 599 3665 praeoptent,
628 3595 677 3664 qui
705 3611 776 3664 quae
803 3594 944 3657 docentur,
973 3594 1066 3645 divina
1082 3611 1142 3646 non
1161 3612 1224 3649 esee
1241 3594 1321 3668 probs
1369 3647 1370 3652 ,

210 3668 327 3729 ¹sciunt,
348 3665 405 3729 ssd,
424 3674 455 3716 ut
476 3665 545 3727 diri,
563 3664 671 3737 liquido
687 3667 867 3735 profitentur,
884 3666 955 3717 viam
973 3664 1161 3716 mundatorum
1181 3666 1230 3720 dei
1246 3678 1323 3723 nou

230 3755 260 3791 se
279 3737 363 3791 nolle.
400 3735 495 3788 eadem
514 3735 548 3788 de
567 3751 647 3787 causa
666 3753 717 3787 nec
736 3753 822 3788 sacras
838 3735 932 3788 literas
944 3736 999 3803 legi
1020 3737 1195 3805 permittunt,
1213 3756 1251 3791 ne
1263 3745 1321 3798 n-

230 3810 306 3877 gistri
326 3809 368 3860 eui
386 3807 527 3860 mendacia
544 3815 731 3876 agnoscantur.
777 3807 806 3857 in
824 3807 914 3877 eapite
934 3807 1000 3858 Iona
1021 3807 1093 3861 enirn
1112 3807 1191 3870 dicit,
1208 3811 1322 3881 quien·

230 3898 285 3949 que
305 3896 429 3931 coranem
447 3879 606 3947 impugnuns
627 3875 854 3946 deprehendatur,
880 3893 942 3929 eum
959 3885 1044 3929 morte
1063 3878 1242 3934 mutuandum
1258 3877 1321 3944 ἡ,

230 3967 282 4002 nec
302 3958 428 4021 oportere
445 3944 590 4021 cuiquam,
618 3949 671 3999 nisi
690 3947 756 4011 sibi,
775 3948 861 4014 oredi3
879 3947 954 3999 idem
972 3949 1001 4000 in
1020 3950 1110 4018 eapite
1128 3951 1245 4005 dmm
1257 3948 1322 4019 Q

227 4019 342 4074 ‘nemini
361 4021 481 4084 credits,
507 4021 561 4072 nisi
585 4020 633 4089 qui
654 4019 709 4139 lepi
735 4026 842 4071 nostrae
857 4018 1045 4090 obtemperet?
1080 4026 1229 4076 ettamen
1244 4032 1328 4088 ινφ
1366 4092 1367 4096 ¹

231 4093 332 4160 guttum
348 4093 463 4145 salutem
483 4091 599 4151 etaiam
616 4105 686 4158 appe
700 4091 746 4152 lat,
765 4097 794 4140 et
812 4089 966 4151 Saracenos,
982 4090 1036 4142 nisi
1057 4089 1113 4157 legi
1135 4099 1165 4144 et
1183 4108 1220 4144 er
1365 4160 1366 4163 Ἴ

231 4163 408 4228 satisfacient,
426 4162 497 4216 nillil
515 4177 595 4232 agere
606 4161 690 4214 dicit.
729 4177 818 4214 rursus
833 4161 910 4234 quasi
931 4160 1048 4227 oblitus,
1066 4177 1139 4233 quae
1155 4172 1224 4219 ινιλι
1270 4166 1271 4169 ’
1366 4192 1367 4196 =
