2752 5092
469 583 545 642 uu.
575 585 599 643 r.
632 581 721 645 car.
742 587 782 644 u.
1122 551 1169 634 ¹5

73 729 138 817 χρη
169 731 289 815 λέγεινς
326 726 356 795 o'i
374 728 489 806 πάντες
519 722 620 794 αύτδν
640 729 845 816 ἐψηφέσαντο.
894 725 978 795 ούτω
998 727 1052 794 καὶ
1073 728 1090 792 ὁ
1111 753 1174 793 πα-

72 830 229 916 τριάρχης
249 827 348 896 αύτάν
371 830 621 911 έβεβαέωσεικαδ
639 827 817 915 σύμψηφον
837 832 993 912 ἐποιεῖτο,
1012 834 1072 906 ἓως
1094 820 1133 892 ού
1155 828 1174 894 o‘

73 932 132 995 rori
150 933 308 1010 βασιλέως
332 939 407 1005 παῖς
428 927 541 1017 φθάσῃ
562 932 597 996 έν
616 927 724 1019 ἡλικίη
746 930 786 1016 τῇ
805 929 1020 1019 προσηκούσῃ.
1061 927 1116 994 κατ’
1134 924 1175 1014 ἦν

75 1028 131 1096 ἐπὶ
148 1033 214 1094 τῶν
232 1031 348 1095 κοινῶν
367 1020 564 1112 πραγμάτων
586 1032 673 1117 πάση
695 1029 822 1116 ε”ξουσέηι
842 1031 1051 1110 διεζωσμένος
1071 1027 1175 1094 ‹issa-

46 1127 240 1212 5λαιολάγος
263 1129 283 1193 o‘
304 1126 461 1214 Μιχαὴλ·
516 1127 571 1194 καί
598 1125 680 1213 αύτη
709 1128 729 1215 ἦ
753 1132 842 1195 αἰτία
871 1133 991 1212 γίνεται
1020 1128 1101 1216 πρὸς
1119 1128 1210 1205 τδνς

75 1227 218 1312 Μιχαὴλ
237 1231 293 1311 τῆς
317 1231 363 1304 εἰς
384 1226 551 1312 βασιλείαν
580 1222 745 1312 ἀναγωγῆς
777 1231 833 1294 καί
849 1226 1052 1304 κατάποσις.
1092 1227 1175 1310 μετά

75 1331 113 1394 δέ
133 1351 222 1401 τινας
245 1328 369 1413 ἡμέρας
389 1327 484 1394 πάλιν
496 1323 606 1413 ἑτέρας
620 1326 769 1413 μηχανάς
791 1327 965 1413 ῥάπτουσιν
984 1325 1014 1392 οἱ
1034 1328 1176 1394 σπουδά-

75 1430 184 1507 ζοντες
212 1423 410 1510 ἀναβιβάσαι
431 1425 529 1494 αδτδν
558 1430 605 1503 εἰς
633 1425 692 1512 τὴν
720 1431 776 1512 τῆς
803 1427 970 1509 βασιλείοις
1003 1423 1177 1511 περιωπήν.

76 1526 197 1611 βουλὴν
215 1526 330 1611 καινὴν
350 1527 412 1593 eiad
432 1532 531 1609 μέσον
550 1528 657 1593 αύτῶν
672 1525 860 1610 ποιήσαντες
873 1525 979 1611 ἔλεγον
994 1523 1030 1590 ε”ν
1041 1548 1074 1590 τε
1097 1532 1176 1590 πλα-

30 1630 178 1703 ιοτεέαις
199 1627 256 1691 καί
276 1623 393 1711 ῥύμαις
405 1626 485 1692 “oda
505 1623 573 1694 ἔστι
593 1630 713 1712 πρέπον
733 1627 811 1693 ου’δὲ
830 1629 953 1692 δίκαιον
961 1624 1015 1691 τόυ
1024 1622 1063 1690 τά
1086 1624 1174 1689 κοινά
1263 1697 1267 1704 ‚

76 1727 259 1791 διοικοῦντα
284 1728 457 1811 πράγματα
486 1730 544 1792 καί
563 1724 733 1813 πρεσβείας
759 1727 862 1791 ἐθνῶν
881 1728 1006 1790 πολλῶν
1026 1723 1177 1807 α’ναδεχὸ-

76 1848 172 1906 μενον
200 1823 247 1909 μη
274 1821 362 1908 ἔχειν
385 1827 446 1901 καί
459 1843 487 1891 τι
520 1825 647 1908 άξέωμα
676 1829 760 1910 μέγα
791 1823 886 1909 ἐγγύς
910 1827 966 1909 τῆς
995 1825 1177 1907 βασιλείοις,

75 1924 131 1988 ἵνα
158 1928 285 2008 πρῶτον
314 1921 426 2010 ἔσηται
454 1925 546 2013 φήμη
576 1927 633 1992 καί
660 1927 913 2011 μεγαλοπρέπεια
942 1927 986 2013 argi
1012 1926 1094 2007 γένει
1114 1926 1179 1987 τῶν

72 2022 246 2106 Ῥωμαίων
265 2027 322 2091 κατ’
339 2023 512 2107 βεβαέωσις
539 2028 594 2110 τῆς
624 2027 689 2091 τῶν
709 2028 880 2110 γινομένων
902 2025 1126 2098 καταστάσεως
1145 2027 1180 2088 έν

33 2129 142 2200 ιὸτοῖς
161 2121 303 2190 itiner?
321 2122 403 2206 μετά
423 2125 554 2212 τοιαύτη
575 2123 637 2209 γάρ
667 2125 752 2213 αἰτίᾳ
773 2126 828 2188 καί
847 2119 1108 2210 ύποκεκρυμμένη
1129 2125 1179 2188 έν-

78 2227 147 2312 νοέρι
167 2221 276 2289 καὶτὰ
299 2222 485 2290 δεσποτικὸν
514 2224 640 2307 ἄξι’ωμα
664 2227 794 2308 δέχεται
814 2214 922 2312 γνῶμη
944 2227 1004 2289 τού
1025 2227 1107 2288 λαοῦ
1126 2225 1182 2289 κατ’

80 2325 138 2386 τού
156 2324 358 2408 πατριάρχου
373 2326 428 2389 καί
444 2325 503 2389 τού
522 2325 704 2408 δυστυχοῦς
720 2321 914 2410 κληρονόμου
926 2328 980 2408 τῆς
999 2327 1177 2405 βασιλείας.

83 2427 144 2507 (τ.)
168 2420 203 2488 έν
230 2423 363 2501 έκεένυις
391 2426 427 2489 δὲ
446 2433 512 2500 τοῖς
542 2432 665 2509 καιροῖς
686 2422 725 2490 τά
745 2426 893 2506 βασιλεια
912 2419 999 2489 καίύ
1022 2420 1178 2509 πατριάρ-

83 2544 139 2605 zat
159 2525 194 2589 έν
217 2528 338 2611 Νικαέηι
366 2527 423 2605 τῆς
442 2525 603 2600 Βιθυνίας
633 2521 760 2607 ύπῆρχτ
781 2521 836 2587 διά
856 2521 892 2589 τά
915 2527 1103 2608 κρατεῖσθαι
1120 2521 1178 2608 τὴν

43 2624 142 2688 aeriis
161 2622 286 2688 πάλιων
304 2621 541 2705 βασιλεύουσαν
568 2618 633 2688 riui
654 2625 717 2689 τῶν
734 2618 875 2689 Ἰταλῶν.
917 2626 1034 2708 καιροῦ
1054 2625 1091 2687 δέ
1114 2647 1177 2688 πα-

155 2801 175 2834 ι.
198 2800 282 2855 πατρ.
311 2785 426 2856 στέρξας
450 2786 499 2838 καὶ
516 2783 675 2878 σύμψηφον
700 2774 803 2840 ἑαυτὸν
821 2783 951 2847 ἐποιεῖτο,
973 2784 1022 2839 ἵνα
1041 2787 1140 2858 μέχρις
1158 2782 1174 2838 δ

152 2854 200 2909 τοῦ
217 2860 243 2924 β.
263 2850 326 2917 υἱός
340 2885 377 2897 -
393 2855 590 2930 προσηκούσης,
608 2877 624 2932 η
643 2857 673 2909 Μ
749 2857 774 2926 4.
792 2856 892 2912 πᾶσαν
909 2857 1077 2918 έξουσιυνΡ
1148 2856 1172 2907 5.

1085 2946 1104 2980 ν

149 2995 258 3066 ἐγένετο
278 2991 375 3064 nonita
397 2990 472 3065 πρὸς
490 2996 510 3049 Ρ
626 3014 651 3066 φ
669 2998 700 3056 ἐν
725 3004 787 3057 ταῖς
812 2998 956 3057 πλατείαις
974 3000 1023 3051 καὶ
1040 2994 1174 3071 ριμυιςΡ

153 3071 258 3121 rom
275 3056 403 3121 πολιτικά
423 3084 505 3137 supra
523 3060 644 3125 κοινάΡ
741 3086 778 3122 ιι.
796 3069 975 3140 πρέσβειςΜ
1065 3072 1103 3120 13.
1124 3069 1175 3123 τοῦ

148 3136 285 3209 γένουςλί
340 3139 378 3205 'l-
397 3137 559 3207 βεβαιώσεις
576 3139 633 3196 τῶν
651 3143 814 3213 γενομένων
833 3138 1035 3194 καταστάσεων
1054 3134 1125 3212 μετά
1144 3141 1174 3190 Μ

155 3213 193 3263 ι5.
212 3209 248 3264 δι’
266 3203 300 3273 ἢν
319 3211 414 3263 αἰτίαν
429 3214 478 3263 καὶ
496 3209 744 3285 ὑποκεκρυμμένην
761 3213 876 3268 ἔννοιαν
898 3210 919 3264 Ρ
978 3226 1020 3263 ao.
1038 3227 1054 3261 a
1071 3210 1174 3283 καιροῦ

148 3288 230 3354 caput
246 3279 363 3331 alterum
381 3280 481 3350 incipit
496 3282 516 3334 P

93 3399 1173 3544 itit{illumit’ttttitii,itttttttttt?itti?

92 3552 155 3619 reret
171 3543 282 3614 sibique
312 3542 446 3612 deligeret
470 3547 591 3598 muueris
616 3554 784 3609 consortem,
807 3546 894 3597 donec
911 3545 1081 3614 imperatoris
1099 3546 1171 3598 filius

92 3623 175 3666 rarum
205 3623 324 3668 aetatem
352 3616 495 3685 attigisret
524 3618 618 3687 itaque
643 3617 762 3670 Michael
778 3616 955 3683 Palaeologus
981 3616 1020 3666 rei
1046 3615 1173 3685 publicae
1268 3643 1269 3647 ¹

91 3695 204 3738 mamam
232 3695 330 3738 nactur
359 3694 402 3739 est
425 3695 605 3757 potestatem,
632 3704 747 3757 eamque
764 3686 887 3740 hahebat
904 3688 1073 3740 occasionem
1091 3703 1173 3740 oceu-

92 3756 160 3818 pandi
184 3758 303 3827 imperii.
331 3774 394 3810 nam
423 3756 523 3811 diebus
540 3759 647 3829 aliquot
666 3767 729 3828 post
749 3775 840 3810 rursus
858 3758 926 3810 alias
945 3759 1096 3811 moliuntur
1114 3775 1173 3811 ma·

91 3823 188 3893 thiras,
210 3830 259 3899 qui
290 3828 325 3880 ad
350 3829 487 3897 fastigium
504 3830 613 3900 imperii
630 3847 692 3883 eum
718 3827 832 3881 evehere
850 3829 1018 3882 nitebantur.
1035 3831 1172 3882 communi

91 3900 192 3951 oonsilio
208 3902 239 3953 in
249 3899 350 3971 plateis
366 3900 488 3971 vicisque
501 3900 677 3964 dictitabant,
695 3917 751 3953 non
770 3899 867 3952 decere
883 3917 936 3953 nec
953 3901 1086 3971 aequitati
1108 3917 1173 3953 con-

91 3979 235 4024 terraneum
257 3987 325 4033 ease,
341 3972 391 4041 qui
409 3988 517 4026 omnem
535 3971 737 4026 administraret
751 3971 960 4041 rempublicam
971 3972 1172 4040 multarumque

2 4058 3 4061 ¹
91 4043 198 4101 genuam
216 4043 244 4094 le
262 4044 367 4096 ationer
385 4043 539 4113 exciperet,
557 4061 619 4096 eum
634 4060 691 4096 non
711 4042 844 4112 dignitate
863 4044 997 4113 insignem
1018 4058 1084 4105 esre,
1102 4055 1172 4113 quae

92 4120 163 4181 prope
173 4059 317 4166 accederet
325 4111 360 4165 ad
370 4115 528 4184 imperium:
539 4115 567 4167 id
578 4114 653 4186 qnod
664 4115 779 4185 primum
791 4113 985 4184 adaugendam
995 4114 1106 4184 gloriam
1116 4127 1174 4164 aas·

3 4207 4 4211 ¹
92 4179 488 4260 plitudinemqueliomanorum
501 4188 635 4240 facturum
646 4195 725 4250 esset,
743 4185 844 4238 deinde
861 4187 1003 4256 pactiones
1016 4201 1075 4236 cum
1094 4190 1175 4235 exte·

95 4263 121 4301 ¹²¹
137 4256 261 4322 gentibus
280 4257 360 4309 initas
372 4257 598 4310 confirmaturum.
617 4275 651 4310 ex
667 4257 716 4310 tali
728 4257 811 4325 igitur
823 4274 902 4309 causa
917 4266 946 4309 ct
963 4254 1090 4308 simulato
1108 4270 1174 4306 con-

96 4320 145 4397 }ilio
162 4326 293 4397 despotae
314 4327 444 4380 honorem
470 4328 644 4399 adipiscitur,
668 4345 801 4380 consensu
819 4329 933 4399 populi,
949 4323 1118 4398 patriarchae
1146 4333 1175 4375 et

4 4462 5 4465 Ἴ
96 4392 197 4447 infelicis
224 4396 332 4451 heredis
358 4399 474 4467 imperii.
524 4400 573 4470 (a.)
599 4401 647 4452 illo
672 4408 795 4469 tempore
822 4399 929 4470 imperii
958 4405 986 4448 et
1006 4394 1174 4465 patriarchae

2 4465 4 4471 '
98 4463 162 4516 redes
181 4467 296 4521 Nicaeae
323 4471 352 4523 in
374 4470 501 4540 Bithynia
520 4480 606 4536 erat,⁴
621 4471 701 4543 Cpoli
728 4471 763 4524 ah
782 4471 859 4523 italis
886 4476 1025 4540 occupata.
1052 4476 1174 4538 tempore
