2746 5084
430 595 819 663 mmmm
1081 573 1169 676 mi

73 740 182 821 καδύς
209 736 342 829 ύστερον
371 741 480 826 ἔμαθα
512 744 568 811 καί
596 749 631 813 ἐκ
657 749 720 814 τῦν
739 749 857 832 χειρῶν
876 748 978 814 atron·
996 746 1171 834 γράμματα

74 845 198 929 ἔλαβον.
255 848 314 909 τοῦ
333 847 369 909 δὲ
397 841 549 910 δεσπότου
570 844 631 930 κύρ
659 849 763 928 &muci
794 848 1039 930 διαβιβάσαντος
1058 851 1171 935 καιρύν
1216 855 1220 861 “

73 970 149 1011 τινα
180 946 216 1009 ἐν
240 946 282 1030 τῇ
304 943 412 1032 Ῥύμη
444 941 549 1022 ἔδοξεν
569 944 660 1034 αύτῷ
687 949 993 1032 ἐπαναστραφβῆναι
1014 947 1094 1033 πρύς
1111 947 1171 1035 τὴν

75 1046 249 1110 ου’θεντιάν
283 1046 348 1109 reia
365 1039 512 1126 Ἐνετῶν,
534 1043 590 1109 καί
608 1041 704 1109 πάλιν
724 1047 846 1110 ἐκεῖθεν
868 1048 914 1121 είς
933 1045 988 1112 τὸν
1004 1047 1147 1131 Ἀγκῶνα
1158 1098 1169 1132 ,

44 1147 131 1228 5τῆς
152 1141 314 1226 θυγατρὸς
343 1143 446 1206 αύτοῦ
469 1146 656 1228 βασιλίσσης
683 1148 740 1228 τῆς
760 1148 899 1228 Σερβίας
929 1148 1052 1212 ἐκεῖθεν
1071 1149 1171 1212 α’πελ·

72 1241 208 1328 δούσης
250 1244 308 1307 καί
325 1242 524 1326 διατρίψασα
545 1244 667 1328 ἡμέρας
687 1241 776 1320 τινοὶς
796 1246 841 1320 εἰς
864 1247 1031 1327 ἐπίσκεψιν
1050 1246 1170 1330 αύτοῦ,

73 1345 190 1418 ἐκεῖνος
217 1345 278 1424 μὲν
306 1344 414 1425 ε’διέβη
435 1337 531 1406 πύλιν
551 1345 596 1420 εἰς
614 1343 756 1428 Ῥώμην,
783 1342 804 1429 ἦ
825 1346 862 1408 δὲ
881 1348 1053 1427 βασιλισσα
1083 1348 1169 1411 διελ.

72 1445 180 1508 θοῦσα
212 1444 355 1525 α’πῆλθεν
374 1443 420 1516 είς
443 1439 633 1524 Ἐπίδαυρον
650 1445 706 1508 τοῦ
729 1444 912 1528 Ἰλλυρικοῦ.
966 1439 986 1529 ἦ
1009 1447 1044 1510 δὲ
1062 1445 1168 1532 μήτηρ

73 1542 174 1628 αὐτῆς
201 1540 221 1626 ἦ
245 1543 418 1622 βασιλισσα
452 1542 555 1615 κακῶς
581 1540 737 1624 διύγουσα
757 1545 792 1608 ἐν
818 1541 981 1631 Κερκύρᾳ,
1002 1547 1170 1629 ἐλεηθεῖσα

22 1666 64 1708 10
74 1640 138 1707 ῦπύ
160 1644 218 1707 τοῦ
231 1644 322 1720 θεοῦ,
344 1643 391 1726 τῷ
412 1641 497 1728 αύτῷ
517 1636 738 1729 ἑβδομηκοστῷ
751 1639 814 1706 ἔτει
831 1643 1024 1725 Αύγούστον
1039 1643 1076 1719 ις’
1092 1647 1170 1711 α’πέ·

73 1746 155 1806 θανε
176 1743 232 1806 καί
250 1740 353 1828 ε’τύφη
374 1742 409 1805 ἐν
435 1743 475 1827 τῇ
489 1743 550 1804 τῶν
577 1739 675 1823 ύγίοον
696 1739 880 1807 ύιιοστὸλυιν
906 1747 1004 1830 μονῇ,
1024 1743 1171 1824 Ἰύσωνος

72 1844 155 1926 λέγω
175 1844 231 1906 καί
249 1838 470 1924 Σωσιπάτρσυ.

151 1941 188 2008 Ὁ
209 1944 245 2006 δὲ
258 1944 322 2005 τῶν
338 1934 464 2022 ύσιβιῦν
483 1934 616 2023 ἔξαρχος
625 1943 670 2029 τῷ
689 1941 777 2031 αύτῷ
798 1940 839 2026 δὴ
855 1939 916 2008 ἔτει
930 1941 1081 2008 σῖπελθών
1092 1942 1170 2010 κατὰ

72 2042 133 2106 τοῦ
144 2041 326 2127 Σφεντιάρη
337 2041 500 2124 παρέλαβε
510 2040 570 2123 την
584 2040 703 2105 ἐκείνου
717 2038 903 2127 περιβόητον
914 2040 1006 2108 πόλιν
1015 2040 1171 2108 Σινούπιον

23 2135 369 2223 τῦδνομαζομίνην,ῦ
397 2137 437 2222 δη“
460 2136 544 2222 adyti
568 2141 761 2226 ἐθεασάμην.
801 2142 841 2206 οῦ
860 2146 955 2208 τοῦτο
973 2139 1072 2225 μόνον
1090 2137 1172 2209 ύλλύ
1232 2211 1234 2215 ,

72 2246 130 2307 καί
158 2238 216 2305 τὸν
249 2234 345 2304 ἄλλον
372 2234 498 2304 ἅπαντα
529 2240 633 2304 αύτοῦ
652 2237 750 2305 τόπον
767 2246 969 2326 παρέλαβεν,
991 2240 1040 2308 ἔτι
1061 2244 1097 2308 δὲ
1116 2242 1173 2308 καί

71 2341 131 2424 τὴν
159 2341 372 2424 Κερασοῦντα
403 2339 459 2401 καί
478 2335 537 2423 τὴν
559 2342 783 2423 Τραπεζοῦντα
810 2341 871 2405 α’πύ
895 2343 958 2407 τῶν
977 2344 1096 2427 χειροῦν
1114 2346 1172 2409 τοῦ

71 2441 182 2521 Δαβίδ
198 2443 256 2504 τοῦ
267 2440 440 2523 Κομνηνοῦ
453 2440 510 2502 τοῦ
522 2441 623 2503 ἐκεῖσε
637 2435 704 2504 τύτε
716 2438 949 2523 βασιλεύοντος,
967 2444 1024 2507 καί
1041 2438 1172 2507 ύπασαν

71 2539 130 2625 τῆν
149 2543 327 2624 περίχωρον
347 2538 472 2617 αύτῦν,
494 2539 551 2603 τοῦ
569 2542 726 2618 βασιλέως
754 2542 990 2624 Τραπεζοῦντος
1010 2542 1170 2628 λέγονκαί

19 2667 63 2711 20
72 2636 198 2706 πάντων
210 2637 326 2722 σχεδύν
334 2640 396 2704 τῶν
406 2639 506 2703 ε’κεῖσε
521 2636 650 2720 οἶτυχιῦν
664 2637 719 2703 καί
729 2634 992 2725 οἷνοοφελεστύτων
1004 2639 1168 2709 αύβεντῦν

71 2740 129 2805 καί
146 2735 328 2827 ἅρχύντων,
359 2734 416 2813 οῦς
443 2734 580 2816 ἕξελθιύν
601 2740 722 2802 ἐκεῖθεν
744 2735 911 2825 κοτρύκισεν
933 2738 1051 2813 αύτούς
1071 2742 1107 2806 ίν
1127 2742 1168 2828 τῇ

66 2837 365 2925 Ἀνδριανσυπύλει,
389 2834 469 2902 ἔνθα
492 2833 531 2920 δή
554 2837 610 2900 καί
629 2834 646 2900 δ
668 2839 724 2922 τῆς
744 2836 993 2924 Πελοποννήσου
1016 2833 1168 2924 αύθίντης

69 2931 111 3024 ἦν
131 2937 149 3003 ὅ
174 2935 325 3024 δεσπότης
338 2933 399 3023 κύρ
409 2934 600 3022 Δημήτριος,
619 2925 646 3024 ᾧ
664 2936 720 3003 καί
738 2938 873 3004 δέδωκεν
887 2935 973 3024 ἔχειν
997 2942 1043 3016 εἰς
1065 2939 1168 3026 ζαύρ-

147 3165 186 3202 ιο.
194 3134 247 3213 arc-'¹
265 3147 285 3200 Ρ
384 3165 423 3218 ¹9·
441 3140 578 3220 περιοχὴν
595 3144 682 3202 αὐτοῦ
702 3146 723 3199 Ρ
811 3165 853 3204 ar·
872 3139 998 3219 ἱκβαλιύν
1014 3150 1033 3202 Ρ

72 3345 123 3399 tice
143 3361 206 3415 ergn
220 3361 264 3397 me
290 3342 424 3396 officietur
450 3352 517 3397 erat.
554 3345 609 3406 ibi,
627 3360 712 3396 uxore
736 3344 833 3407 ducta,
851 3344 993 3415 presbyter
1010 3344 1097 3398 sactur
1115 3353 1166 3411 eet,

72 3427 105 3471 ut
122 3426 217 3487 poetea
236 3433 252 3470 e
269 3416 355 3468 literis
373 3417 431 3467 etur
449 3415 483 3467 ad
496 3431 539 3466 me
551 3416 622 3468 datia
639 3417 762 3482 cognovi.
797 3416 916 3468 Thomas
936 3417 1049 3486 despota
1066 3426 1165 3480 mrtem,

72 3488 241 3558 aliquamdiu
261 3489 359 3539 Rornae
376 3494 564 3549 commoratur,
585 3485 620 3537 nd
637 3487 774 3538 civitatem
793 3488 970 3551 Venetorum,
998 3495 1081 3556 atque
1100 3487 1165 3540 inde

71 3562 211 3613 Anconam
241 3558 329 3610 redire
349 3558 461 3619 etatuit,
487 3554 561 3608 unde
589 3556 646 3608 filia
663 3557 740 3619 eius,
759 3559 851 3628 regina
869 3558 997 3619 serviae,
1014 3557 1165 3611 dieceraura

71 3640 140 3684 erat.
176 3629 271 3700 itaque
291 3645 374 3700 quum
397 3627 432 3679 ad
448 3627 587 3681 virentum
615 3644 674 3679 eam
694 3628 787 3680 urbem
804 3628 983 3699 dieeaiiquot
1002 3629 1040 3680 ibi
1057 3630 1165 3683 haeris-

71 3711 124 3764 aet,
143 3702 201 3773 ipae
221 3702 330 3754 Romam
348 3699 440 3761 rediit,
461 3699 555 3767 regina
575 3697 741 3767 Epidaurum
766 3700 795 3751 iu
816 3700 951 3767 illyricum
970 3700 1047 3753 abiit.
1082 3701 1165 3755 huius

70 3784 167 3836 rnater,
186 3773 287 3842 regina,
305 3786 375 3841 quae
393 3769 525 3836 Corcyrae
544 3770 627 3821 vitum
643 3771 770 3822 mineram
788 3769 912 3839 degebat,
932 3772 1078 3825 miserante
1096 3773 1165 3836 deo,

71 3846 133 3915 ipso
152 3843 351 3913 septuagesimo
370 3857 442 3893 anno
456 3840 562 3902 aetatia,
583 3840 696 3908 Augusti
714 3839 758 3893 die
776 3844 816 3906 16,
834 3849 942 3895 mortua
962 3844 1036 3895 etin
1054 3852 1166 3896 eructo-

72 3933 132 3967 rum
143 3917 337 3983 apostolorum,
354 3913 467 3975 latonia,
485 3913 607 3982 inquam,
625 3920 654 3962 et
661 3910 801 3981 Soripatri,
818 3914 982 3967 monasterio
994 3916 1100 3985 repultn
1112 3922 1162 3967 eat.

142 3987 268 4056 Princeps
286 3993 377 4037 autem
394 3983 538 4054 impiorum
565 3981 661 4034 eodem
679 3999 750 4034 anno
769 3983 959 4054 Sphentiarem
982 3985 1103 4048 adortus,
1121 4000 1168 4035 ce·

71 4057 178 4110 lebrem
202 4058 277 4108 illiue
301 4054 396 4108 urbem
417 4055 559 4124 Sinopium
585 4054 736 4122 occuparit,
754 4071 836 4138 quam
862 4057 921 4126 ipae
941 4055 1012 4108 vidie
1031 4072 1083 4107 nec
1099 4070 1165 4105 vero

71 4127 142 4181 hunc
169 4129 254 4181 roiam
272 4127 382 4191 urbem,
407 4125 455 4179 aed
480 4126 564 4178 etiam
586 4139 696 4176 omnem
719 4125 836 4179 vicinam
854 4128 1006 4194 regionem,
1025 4134 1167 4196 praeterea

71 4200 249 4253 Ceraauntem
267 4207 295 4250 et
312 4199 529 4266 Trapezuntem,
549 4195 649 4248 Davidi
669 4194 808 4249 comneno
837 4199 893 4267 regi
920 4205 1037 4267 ereptae,
1056 4204 1085 4247 et
1103 4196 1166 4247 uni-

70 4287 175 4323 rerearn
191 4272 328 4339 regionem
347 4268 580 4319 circumiacentem
600 4267 709 4318 illorum
736 4269 899 4337 principum,
917 4267 944 4318 h.
964 4284 988 4320 e.
1008 4267 1079 4335 regis
1095 4269 1166 4320 Tra·

70 4345 259 4408 peruntiorum
283 4349 312 4392 et
325 4339 491 4409 reliquorum
508 4351 557 4406 pro
578 4353 594 4388 e
612 4338 732 4390 omniurn
751 4339 903 4407 principum
922 4346 951 4389 et
965 4353 1105 4407 procerum
1124 4337 1166 4391 ibi

69 4411 271 4476 habitantium,
296 4426 365 4481 quoe
388 4408 452 4460 inde
479 4354 620 4461 δὶιοεδεπτ
637 4407 841 4477 Adriauopolirn
862 4406 992 4472 traduxit,
1011 4407 1061 4460 ubi
1081 4410 1165 4462 etiam

68 4484 252 4557 Peloponnesi
277 4483 421 4555 princepe,
446 4478 599 4532 Demetrius
630 4477 762 4550 desputa,
789 4487 863 4544 arat,
886 4479 946 4545 cui,
967 4478 1041 4535 unde
1061 4481 1119 4552 ipre
1137 4488 1166 4536 et
