2746 5084
229 596 283 659 oa
320 594 699 665 cousrruumorom
727 601 987 669 oruuomm.
1064 579 1148 693 467

62 747 158 828 μόνος
180 743 225 820 σός
244 746 367 831 όψηλός
382 771 417 814 re
436 747 492 814 καί
514 754 614 832 μέγας
642 753 698 818 τισί
717 751 761 828 σός
782 750 935 836 α’πόγονσς
965 757 1023 821 τοῦ
1045 755 1152 822 Μυά-

62 847 133 925 ped
158 845 358 926 ἑκατιδίξατο
385 847 500 931 μόλις,
526 850 581 913 καί
608 851 784 936 ἐφθέγξατο
804 856 917 919 ταῦτα.
969 848 1153 938 ι’γινοόσιιεττ

63 945 340 1027 Μουσουλμάνοι,
372 948 431 1012 καί
457 946 499 1012 ou*
530 945 629 1024 αότός
649 944 666 1013 ό
687 948 814 1017 πάντων
844 950 965 1018 τοότοον
985 955 1150 1039 δεσπότης.

64 1038 128 1122 ἐγώ
153 1044 213 1122 μὲν
245 1043 425 1130 α’πιστάλην
444 1040 532 1129 παρά
562 1051 619 1112 rori
644 1046 785 1133 μεγάλου
821 1050 986 1137 προφήτου
1015 1052 1154 1120 Ῥασοόλ

21 1140 281 1225 ιὄίίίαχουμίτη,
304 1145 356 1208 ἵνα
378 1144 453 1226 ὑμῖν
473 1145 552 1212 εἴπω
571 1147 628 1211 τοῦ
640 1151 780 1229 πολέμου
798 1145 857 1234 την
877 1143 974 1233 σόραν,
995 1149 1040 1229 οός
1057 1176 1153 1235 προσ·

63 1238 193 1322 ρατικός
210 1240 265 1304 καί
283 1243 457 1328 προφήτης,
479 1240 565 1319 όπιος
586 1243 795 1327 όοολοόσοομεν
814 1246 889 1323 τοός
902 1243 1079 1331 Ῥαμαίους
1099 1252 1155 1315 καί

63 1339 350 1422 αἰχμαλωτισωμεν
370 1343 426 1405 καί
446 1341 502 1427 την
514 1374 516 1378 ⁴
529 1342 631 1408 πόλιν.
674 1339 879 1425 ἑτοιμάζεσθε
901 1349 937 1411 δὲ
957 1345 1038 1432 πρός
1057 1351 1153 1412 τοῦτο

62 1436 123 1512 ἕως
145 1432 221 1500 ότου
241 1436 281 1503 νά
303 1437 416 1528 pedon
440 1437 460 1524 ἦ
482 1437 563 1523 (όρα,
581 1439 693 1507 όποίοιν
711 1441 772 1526 ἐμοὶ
792 1441 962 1527 γινάσκα.”
1002 1448 1059 1510 καί
1075 1450 1152 1511 ταῦ·

61 1561 104 1598 τα
127 1533 268 1611 εἰπόντος
291 1539 393 1623 άπίβη
412 1543 470 1605 τοῦ
484 1539 614 1626 ἡμιόνου
638 1533 678 1606 οὗ
698 1543 853 1625 ἐποχεῖτο,
874 1547 929 1609 καί
941 1547 1088 1630 εἰσῆλθον
1106 1546 1153 1622 τίς

14 1633 122 1718 ιοτην
141 1636 250 1699 τὲνταν
273 1635 330 1721 τὴν
349 1637 520 1722 ἱσταμένην
548 1637 610 1703 άπό
635 1638 830 1723 κεντσόκλσυ,
860 1642 916 1707 καί
935 1637 1051 1729 ἤρξατο
1072 1644 1150 1710 τίνα·
1158 1662 1187 1718 Ρ.
1201 1658 1248 1735 ¹9³

60 1732 226 1817 γινώσκειν
256 1733 311 1810 τάς
330 1741 459 1819 βίβλους
480 1741 538 1802 τοῦ
557 1739 712 1820 Μαόμσθ
741 1739 796 1805 καί
813 1737 854 1805 τά
873 1740 1034 1823 Ῥάμπλια
1053 1741 1153 1825 πράτ-

60 1856 139 1897 τειν.
177 1833 257 1913 μετά
281 1835 476 1918 ὑποκρίσεως
499 1839 656 1902 δὲταῦτα
687 1840 805 1921 ἐποίει,
833 1834 876 1915 τός
895 1843 948 1905 ἴνα
969 1842 1154 1908 ἀπατῶνται

60 1927 95 1995 oi
118 1935 252 2014 Τοόρκοι
271 1937 327 1998 καί
352 1936 549 2017 προσκυνοῦν
578 1935 633 2000 καί
651 1936 802 2016 όοξάζουν
824 1937 868 2014 ὥς
888 1938 1053 2026 προφήτην
1075 1942 1156 2006 ἐκεῖ.

58 2052 129 2110 νον,
151 2030 237 2096 καθά
258 2030 314 2096 καί
333 2028 349 2096 ό
373 2035 525 2118 δεσπότης
542 2038 602 2100 τῶν
632 2036 780 2119 Τοόρκιον
798 2038 856 2102 καί
873 2036 986 2115 πάντες
1007 2038 1037 2103 οἱ
1057 2044 1154 2105 Μου·

2 2139 50 2204 15
62 2127 241 2210 σουλμάνοι
259 2131 367 2216 α’ληθῆ
386 2131 441 2197 καί
459 2137 575 2214 βέβαια
602 2139 774 2221 κρατοῦσιν
794 2133 953 2202 πάντατά
977 2141 1153 2223 λαληθέντα

61 2232 99 2295 ἐκ
122 2224 262 2313 τοότου,
283 2230 339 2295 καί
366 2234 481 2307 πάντες
499 2231 557 2316 την
577 2238 719 2299 κέλευσον
739 2232 848 2316 ἔμενον
869 2233 927 2320 την
947 2240 1077 2320 ἐκείνου,
1098 2241 1154 2303 ἳνα
1263 2315 1267 2319 ,

59 2327 220 2416 προστάξῃ
242 2333 300 2414 τοῦ
315 2334 452 2412 πολέμου
467 2328 523 2414 τη“ν
536 2326 624 2414 σόρσν
641 2335 697 2396 καί
709 2333 857 2415 όράμοοσι
869 2331 983 2410 πάντες
1000 2334 1054 2401 καί
1073 2359 1157 2418 κρα-

58 2426 181 2512 τόσσοι
201 2427 257 2511 τήν
285 2430 377 2492 πόλιν
404 2428 459 2493 καί
479 2427 554 2504 roric
580 2428 757 2510 Ῥωμαίους
785 2433 1045 2511 αι’χμαλωτισωσι
1074 2431 1154 2499 πάν-

58 2551 128 2602 τας.
170 2524 271 2609 ταότη
293 2526 329 2610 δη
357 2527 375 2611 ἦ
405 2528 477 2611 κενὴ
508 2527 564 2593 καί
589 2531 712 2608 ματαία
740 2529 828 2603 ἐλπίς
852 2531 935 2610 μέγα
955 2529 1077 2615 θράσος
1097 2531 1153 2596 καί

0 2625 179 2709 οτόλμην
212 2630 267 2690 καί
296 2627 496 2712 εόφροσόνην
522 2635 587 2702 τοῖς
618 2625 767 2709 Τοόρνιοις
796 2629 945 2712 ἐνέπλησε
973 2626 1065 2710 τότε,
1095 2629 1179 2697 καίΒ

58 2722 126 2789 α’πό
149 2720 261 2790 τοότου
290 2725 416 2809 ἔχαιρον
436 2728 492 2790 καί
516 2724 725 2791 ἑσπατάλουν.
771 2723 851 2790 α’λλά
886 2725 942 2790 καί
969 2732 1043 2792 καθ’
1076 2727 1152 2812 ἦμέ-

57 2849 123 2908 ραν
152 2829 208 2889 καί
234 2823 331 2890 νόκτα
358 2823 413 2900 τάς
442 2823 588 2905 παλάμας
619 2821 784 2908 ἐκρότουν,
814 2822 870 2889 καί
896 2827 956 2889 τοῦ
974 2830 1150 2911 Μηρσαΐτη

57 2921 118 3008 την
137 2920 246 3009 φωνην
268 2925 416 3006 ἀνέμενον
435 2922 478 3000 ὥς
496 2924 627 3008 άγγὲλου
642 2923 867 3009 άληθεστάτου,
890 2923 934 3000 σός
953 2927 1005 2991 ἵνα
1030 2929 1148 3009 αίχμα·

58 3198 223 3264 Mahometi,
248 3202 293 3254 vix
311 3201 419 3255 tandem
446 3219 595 3256 sermonem
622 3203 651 3257 in
676 3219 706 3256 se
723 3203 874 3272 assumpsit,
893 3200 1017 3274 dixitque
1031 3199 1147 3257 “scitote

58 3272 234 3336 Musulmnni
253 3282 280 3325 et
302 3282 331 3325 tu
353 3274 400 3344 qui
421 3274 546 3326 omnibus
563 3290 667 3344 praees,
685 3291 728 3325 rne
746 3291 762 3325 a
779 3290 876 3342 magno
896 3273 1029 3343 propheta
1047 3275 1145 3327 Rasuie

58 3341 215 3394 Mohometo
237 3346 343 3396 missum
372 3345 455 3396 fuisse
480 3344 515 3396 ad
539 3346 678 3398 conflictus
702 3352 818 3414 tempus,
835 3353 965 3415 tanquam
985 3343 1032 3413 qui
1054 3343 1146 3396 future

57 3429 208 3482 praenosco
227 3424 255 3466 et
272 3423 347 3467 vates
364 3432 432 3479 snm,
453 3414 715 3484 praenuntiandum,
743 3424 774 3467 ut
791 3416 907 3468 Graecos
924 3415 954 3466 in
971 3414 1146 3479 servitutem,

56 3484 154 3534 urbem
181 3485 210 3535 in
229 3487 412 3554 captivitatem
430 3485 570 3537 dedamus.
612 3486 741 3553 accingite
765 3502 825 3553 ergo
852 3502 899 3537 νοτ
925 3491 954 3536 et
975 3494 1145 3552 praeparate,

57 3554 124 3604 doru
142 3555 216 3624 quod
232 3557 291 3626 ipse
308 3558 372 3608 novi
387 3565 492 3626 tempus
503 3556 669 3608 advenerit.''
687 3555 730 3607 his
743 3554 823 3607 dictis
837 3554 910 3607 mula
921 3570 975 3626 qun
993 3553 1145 3608 vehebatur

57 3624 210 3684 descendit.
228 3637 257 3679 et
281 3628 311 3680 in
328 3629 474 3680 tentorium
492 3627 589 3679 introit
607 3643 640 3679 ex
663 3627 839 3678 centumcolis
856 3625 1019 3688 coniectum,
1036 3628 1144 3696 eoepit·

54 3712 113 3765 que
133 3695 218 3747 libros
233 3697 380 3751 Mohemeti
398 3713 552 3768 percurrere
569 3704 599 3748 et
616 3696 891 3766 Rampliaeonfioere,
909 3694 958 3749 sed
976 3712 1036 3748 oum
1056 3698 1142 3749 simu-

54 3767 179 3828 latione,
205 3774 237 3819 ut
254 3769 358 3821 Toreae
382 3768 490 3838 decepti
508 3769 597 3838 ipsum
625 3776 754 3837 tanquam
771 3764 932 3837 prophetem
950 3779 1143 3821 venerarentur

54 3845 86 3888 et
114 3836 269 3902 adorarent3
295 3837 518 3909 quemadmodum
537 3839 682 3890 Turearurn
712 3839 836 3906 princeps
865 3846 894 3890 et
917 3837 967 3890 reli
987 3838 1017 3889 ui
1034 3838 1141 3891 Musul-

52 3908 130 3958 mani
148 3924 209 3960 rere
227 3911 356 3980 firmaque
370 3909 599 3980 credebantquae
611 3908 659 3960 ille
671 3907 806 3971 edixerat,
820 3909 945 3978 iussaque
962 3855 1037 3962 iilius
1055 3925 1140 3979 expe-

52 3977 176 4039 ctabant,
196 3986 226 4030 ut
243 3989 347 4049 tempus
365 3997 470 4050 pugnae
488 3981 667 4050 praeciperet3
684 3987 741 4031 tum
759 3980 832 4031 enim
851 3978 910 4030 fore
923 3979 974 4031 uti
996 3979 1017 4030 si
1038 3994 1140 4031 convo-

53 4048 143 4099 ientes
163 4048 229 4099 urbe
247 4053 405 4120 potirentur,
416 4053 587 4122 Graecosque
605 4066 699 4102 omnes
719 4050 748 4102 in
764 4049 946 4118 captivitatem
963 3997 1138 4101 adducerent.

51 4117 122 4169 haec
139 4137 206 4170 vana
222 4138 282 4190 spes
298 4137 328 4172 ac
346 4122 434 4174 sutilis
450 4138 573 4190 magnam
586 4121 681 4173 Turris
699 4138 731 4172 eo
744 4128 864 4189 tempore
880 4121 934 4172 vim
952 4127 982 4171 et
998 4119 1138 4171 audaciam

51 4206 161 4241 necnon
179 4190 310 4243 loetitiam
328 4190 434 4243 abunde
452 4192 614 4254 conciliarit,
633 4199 710 4242 etex
729 4208 763 4242 eo
784 4199 905 4259 tempore
922 4189 1019 4258 gaudio
1036 4190 1137 4256 gestie-

51 4260 123 4312 bant
143 4269 172 4311 et
188 4261 317 4314 deliciose
335 4263 416 4312 vitam
435 4261 560 4331 agebunt,
580 4264 635 4314 imo
656 4261 700 4313 die
723 4270 859 4330 noctuque
879 4261 981 4329 polmus
1000 4260 1138 4327 percutie-

51 4329 128 4391 bant,
147 4348 292 4403 vocemque
315 4333 457 4384 Merenitae
475 4333 653 4401 expectabant
670 4341 797 4401 tnnquam
815 4331 975 4382 veracissimi
993 4328 1082 4396 angeli
1100 4329 1135 4383 ud

52 4403 171 4453 Graecos
188 4419 218 4454 cs
240 4403 370 4455 tissndor.
408 4403 518 4470 singulis
535 4419 645 4473 quoque
663 4402 759 4453 diebos
788 4399 968 4462 acuentibus,
988 4399 1042 4450 imo
1061 4397 1135 4453 boris

51 4471 174 4540 linguam
199 4420 324 4531 adsersus
346 4489 396 4527 uos
420 4473 654 4544 solutionisque
679 4480 852 4544 praeacutum
880 4486 973 4524 ensem
989 4470 1135 4540 agitabant,
