2724 5114
161 625 217 686 un
242 621 615 693 anissisourusnsr
633 620 801 695 sscruso
816 617 1045 687 uauuiuo.
1076 590 1154 678 501

63 767 242 860 κτδςφυγῇ
256 773 367 837 πολλοί
384 771 582 855 χρησάμενοι
601 770 780 854 λεληθότως
801 767 1082 855 desperatissime,
1102 775 1162 852 μέ.

63 896 119 953 ρος
150 875 214 936 τῶν
234 872 348 952 τειχῶν
379 868 436 933 οδκ
466 869 572 952 ὀλίγον
604 866 722 952 ἔρημον
753 866 1022 953 καταλελοιπάτες.
1066 874 1162 934 τοῦτο

61 973 175 1052 μεῖζον
194 966 308 1049 ἔδοξεν,
332 964 408 1033 ὅσον
423 975 491 1034 κατ’
510 966 711 1053 αἰθροάπινον
727 966 886 1059 λργισμόν,
910 969 996 1031 αι’τία
1011 972 1067 1032 τοῦ
1085 975 1161 1048 μεθ’

62 1070 190 1153 ἡμέραν
211 1073 319 1132 κακοῦ.
373 1072 428 1133 καί
454 1067 515 1150 γάρ
539 1068 569 1131 εἰ
587 1064 749 1150 μενόντων
777 1065 927 1131 ἁπάντων
948 1069 1003 1130 sini
1021 1074 1079 1131 rori
1098 1072 1161 1135 τεί·

31 1178 53 1241 5
62 1191 153 1251 γους,
175 1165 236 1248 μία
256 1165 349 1250 ψυχή
370 1171 544 1249 γενομένων
574 1165 630 1232 καί
653 1163 794 1231 θάνατον
814 1162 970 1247 ἑλομένων
991 1166 1073 1248 ὑπὲρ
1096 1193 1162 1254 φυ-

60 1270 162 1349 λακῆς
182 1269 238 1349 τῆς
252 1269 421 1348 πατρίδος,
445 1265 536 1345 μόλις
557 1263 596 1331 δν
617 1265 637 1349 ἦ
657 1265 747 1340 πόλις
768 1267 801 1343 έξ
823 1265 924 1349 αὑτῆς
943 1267 1161 1352 διατετηρητο,

61 1367 130 1440 παῖς
151 1359 192 1429 άν
210 1367 336 1430 τοιοῦδε
357 1367 592 1450 συμβεβηκότος
608 1367 666 1430 σάν
691 1361 757 1447 εἶχε
769 1372 839 1446 μετ’
861 1363 1005 1442 εδκσλίας
1020 1367 1160 1449 άλιὸναις

61 1460 167 1541 οὕτως
192 1456 250 1528 οδν
275 1466 337 1529 ταῖν
358 1466 510 1531 Λατίνων
538 1468 822 1547 διαπραξαμένων,
844 1469 900 1530 καί
929 1468 992 1530 τῶν
1022 1471 1161 1551 τριηρῶν

60 1568 141 1645 μίαν
162 1564 242 1647 πρὸς
258 1568 442 1647 ναυμαχίαν
461 1565 706 1649 πεπληρωκότισν
721 1563 774 1629 διά
789 1563 847 1650 την
861 1571 925 1630 τοῖν
944 1571 1063 1630 πλοίων
1083 1570 1161 1653 οἰφ-

12 1664 161 1737 ισνίδιον
192 1662 410 1748 προσδοκίαν,
432 1663 563 1747 άληδεῖς
594 1666 801 1731 διεδείκνυντο
817 1716 819 1720 ,
834 1667 888 1729 καί
918 1662 949 1728 οἱ
982 1669 1057 1748 περί
1086 1665 1161 1729 τοτ’-

62 1788 125 1827 των
145 1760 223 1846 ἡμῖν
243 1757 434 1847 ἧγγελκότες.
478 1756 599 1849 ὄρθρου
620 1761 681 1848 γάρ
704 1765 886 1841 ἐπιστάντος
900 1763 938 1829 τά
962 1764 1161 1849 πλοῖαπρός

60 1861 116 1927 τὸν
138 1865 250 1943 λιμένα
270 1861 389 1938 πάσαις
407 1859 529 1939 νάπαις
550 1867 712 1945 καταίρειν
733 1866 909 1948 ἐπείγονται
928 1864 967 1930 τά
990 1871 1159 1948 βεβουλευ-

58 1964 142 2043 μένα
166 1964 369 2043 διαπεριῖναι.
425 1961 469 2038 ὥς
500 1965 535 2027 δέ
565 1962 698 2046 πλησίον
722 1969 860 2046 γένοιντο
887 1963 946 2048 τήν
967 1968 1031 2029 κατ’
1053 1965 1159 2029 αὐτῶν

60 2060 220 2146 συσκιυην
245 2065 306 2126 τάν
326 2062 360 2127 έν
381 2065 492 2138 ου’τσῖς
505 2063 563 2127 οδκ
575 2062 720 2146 εἰδότων,
744 2065 800 2126 καί
820 2062 840 2148 ἧ
865 2065 1006 2149 τριήρης,
1027 2059 1071 2139 aie
1091 2059 1158 2145 εἶχε
1211 2097 1214 2101 <

11 2160 199 2242 ι5τάγους,
230 2162 344 2225 αάτίκα
374 2171 481 2244 χωρεῖ
497 2168 565 2225 κατ’
584 2156 715 2242 αὐτῶν,
748 2160 804 2227 καί
834 2162 879 2238 εἰς
901 2168 1051 2228 τοσοῦτον
1071 2161 1155 2227 ου’τά

59 2257 297 2344 κατηνάγκασεν
333 2264 388 2323 καί
416 2263 460 2338 είς
493 2260 600 2346 φυγὴν
625 2257 780 2346 ἔστρεψεν
812 2261 855 2339 tic
883 2264 1046 2326 έποκεῖλαι
1075 2260 1156 2326 κατά

59 2358 120 2444 την
141 2354 269 2442 ἤπειρον
291 2358 426 2442 κοίτην
447 2362 510 2424 τῶν
535 2359 682 2443 Τοάρκοιν
711 2362 831 2444 έκείνην
870 2363 1011 2426 έπίνοιαν
1042 2363 1216 2453 α’ποδε-ρηο

59 2461 191 2541 διῖχθαι
208 2463 358 2539 ματαίαν.
377 2456 458 2523 aiat
480 2463 592 2524 τούτου
604 2463 665 2540 μέν
684 2457 1065 2546 άνάτεροιτετηρήμεδοι·
1086 2458 1155 2526 εἴθε

59 2558 96 2623 δέ
116 2556 239 2622 καὶτοῦ
262 2555 343 2622 κατά
365 2555 422 2640 τὴν
444 2557 567 2642 ἡμέραν
587 2561 707 2623 κακοῦ]

9 2689 50 2732 20
143 2657 194 2720 ια’.
254 2660 318 2739 Τῆς
348 2656 496 2740 τετάρτης
526 2659 694 2742 τοιγαροῦν
724 2657 894 2741 ἐπιστάσης
922 2655 1063 2743 ἡμέρας,
1095 2660 1155 2723 τοῦ

56 2755 150 2843 ἡλίου
172 2758 323 2840 καθαρῶς
352 2765 417 2832 τοῖς
438 2757 622 2838 ἀνθρώποις
650 2753 746 2842 μήπω
766 2758 803 2822 τὸ
825 2759 894 2843 φάς
912 2755 1152 2841 παρασχόντος,

57 2857 184 2940 δρῶμεν
202 2855 282 2921 κατά
303 2854 360 2939 την
381 2858 529 2939 σ’γγελίαν
549 2857 606 2921 καί
624 2854 659 2920 τὸ
680 2860 801 2940 πλῆθος
823 2852 908 2921 άπαν
928 2860 1153 2941 προσχωροῦν-

55 2978 116 3031 τος
136 2959 182 3043 api
199 2957 316 3038 τείχει,
346 2952 422 3030 τούς
450 2959 511 3037 μὲν
537 2955 690 3046 κλίμακας
721 2957 987 3043 ἐπιφερομένους,
1011 2956 1092 3042 Ιτοδς
1116 2958 1152 3024 δέ

57 3231 117 3281 lum
137 3235 259 3298 arrepta,
276 3242 333 3280 non
361 3246 443 3298 parva
460 3247 598 3282 murorum
617 3235 695 3300 parte
715 3228 839 3295 deserta,
864 3229 973 3282 domum
990 3234 1150 3281 remearent.
1170 3275 1173 3287 ,

56 3300 128 3352 haec
148 3301 289 3369 potissima
307 3317 387 3350 causa
414 3301 479 3352 meli
503 3302 579 3370 quod
599 3318 633 3353 εο
658 3301 704 3353 die
722 3302 886 3364 advenerat,
905 3301 927 3351 si
946 3300 1064 3350 humana
1082 3301 1150 3353 ratio

56 3389 115 3423 non
133 3372 214 3435 saliit,
234 3379 357 3440 reputata
377 3379 426 3423 est.
463 3373 566 3423 etenim
584 3372 607 3422 si
626 3373 655 3424 in
673 3374 756 3423 muris
774 3371 996 3443 permanentibus
1015 3369 1151 3434 omnibus,

56 3451 88 3494 et
107 3458 160 3492 ιιοο
179 3442 270 3493 auimo
289 3442 328 3493 ita
352 3441 492 3510 dispositis
520 3453 551 3496 ut
570 3460 618 3512 pro
639 3442 762 3495 custodia
781 3444 884 3512 patriae
903 3443 986 3493 vitam
1002 3456 1151 3503 voverent,

54 3514 103 3565 vix
122 3513 185 3563 urbs
209 3522 366 3564 conservata
396 3514 505 3575 suisset,
536 3510 653 3583 quanam
672 3515 791 3577 ratione,
815 3513 863 3564 ubi
881 3512 969 3564 simite
990 3510 1151 3573 accidisset,

54 3583 133 3635 faciti
160 3585 272 3650 negotio
291 3583 424 3653 capienda
441 3602 498 3635 non
515 3586 592 3637 erat?
636 3584 763 3636 sichima
781 3601 829 3652 per
848 3583 959 3634 Latinos
976 3582 1102 3652 peractis,
1122 3590 1151 3634 et

54 3663 170 3724 propter
187 3655 399 3723 inexspectatum
424 3656 532 3707 navium
560 3655 704 3706 adventum
733 3655 810 3705 unica
830 3655 934 3706 triremi
953 3670 1004 3723 pro
1024 3652 1164 3712 euanuit-¹

56 3725 142 3777 tenda
162 3716 252 3776 uav'ali
269 3743 360 3794 pugna
376 3723 490 3793 repleta,
506 3744 568 3776 vers
585 3725 710 3777 videntur
724 3726 847 3776 retulisse
864 3723 966 3778 nuncii.
1001 3740 1063 3774 narn
1080 3724 1150 3775 circa

54 3812 182 3846 auroram
201 3812 283 3847 naves
304 3795 339 3847 ad
367 3805 475 3864 portum
504 3795 711 3865 properantibus
730 3796 809 3845 remis
826 3795 1012 3864 impelluntur,
1028 3801 1061 3845 ut
1077 3795 1150 3862 cogi-

55 3874 115 3917 tata
135 3866 316 3918 absolverent.
340 3865 388 3917 sed
401 3864 465 3916 dum
484 3868 712 3935 appropinquant,
730 3883 781 3916 nee
797 3865 922 3919 adversus
941 3883 971 3919 se
989 3873 1150 3934 apparatum

54 3939 219 3988 instructum
237 3945 390 4006 penetrant,
408 3937 525 3987 triremis
543 3936 688 3988 velocitate
713 3953 814 3991 summa
832 3938 861 3988 in
879 3954 926 3989 eos
944 3936 1080 3998 convolat,
1100 3953 1149 3986 co-

54 4008 153 4076 gitque
173 4015 203 4059 ut
227 4008 255 4058 in
279 4006 367 4077 sugam
391 4008 461 4058 versi
483 4008 628 4058 interram
650 4023 730 4059 naves
749 4007 909 4076 impingant.
946 4009 984 4060 sic
1002 4007 1150 4056 Turearum

18 4073 21 4078 ’
54 4076 129 4130 illud
159 4078 303 4129 consilium
323 4085 499 4130 extenuatum
517 4083 635 4130 evanuit
676 4078 778 4129 utinam
796 4087 824 4131 et
851 4078 942 4131 diurni
960 4077 1026 4130 mali
1051 4075 1149 4128 similis

54 4149 325 4204 exitussubseeutus
345 4149 447 4200 suisset.

133 4236 171 4270 ιι.
208 4220 313 4291 Quarto
332 4219 415 4285 igitur
430 4218 475 4268 die
493 4225 641 4288 appetente
659 4218 774 4269 necdum
794 4218 864 4269 clare
882 4217 972 4268 lumen
992 4215 1149 4269 hominibus

52 4290 238 4354 ministrante,
258 4297 290 4341 ut
310 4289 390 4340 nohis
409 4291 631 4358 praenunciatum
652 4288 749 4351 suerat,
770 4287 974 4339 multitudinem
994 4289 1149 4342 universam

54 4362 85 4412 in
107 4378 212 4411 murum
233 4360 407 4413 festinantem
428 4360 572 4411 intuemur.
619 4360 691 4412 inter
709 4359 758 4411 hos
775 4360 822 4411 alii
841 4358 945 4419 scalas,
963 4357 1010 4409 alii
1031 4357 1148 4421 tabutas,
1229 4388 1231 4394 ·

54 4433 106 4483 alii
123 4433 242 4500 implexa
264 4431 411 4483 viminibus
436 4440 511 4480 scuta
530 4440 649 4497 gestare,
674 4447 774 4491 onmes,
794 4437 825 4480 ut
842 4428 880 4479 sie
897 4427 993 4492 diesin,
1012 4428 1147 4481 machinas

55 4501 226 4567 convehere,
263 4511 291 4556 et
318 4511 349 4555 ut
376 4503 459 4556 moris
492 4508 535 4553 est
562 4504 646 4573 septi,
679 4511 707 4554 et
739 4500 824 4554 nostri
860 4497 958 4552 excidii
985 4501 1031 4554 siti
1061 4501 1148 4553 veluti
