2844 5092
251 250 330 339 188
576 279 749 344 cronon
779 276 1020 344 rnnmmae

244 432 348 498 κόσιοι
363 431 418 496 τόν
440 430 591 514 α’ριθμόν.
611 429 667 495 καί
684 425 783 506 οῦτως
804 432 951 514 εἰσῆλθον
968 429 1050 512 μετὰ
1072 437 1134 499 mir
1154 442 1335 523 σαλπίγγων

245 534 300 596 καί
321 530 438 606 παντός
466 533 574 614 γένους
594 533 760 610 μουσικοῦ.
811 527 830 614 ἦ
853 532 888 594 δὲ
907 527 996 606 πόλις
1017 536 1105 598 πῦσα
1125 540 1182 620 τῆς
1205 542 1335 622 Φερρα-

245 628 318 716 ριἀς
337 632 534 714 συνέδραμεν
556 631 636 694 ἰδεῖν
656 627 712 711 την
732 632 790 692 τοῦ
810 629 901 711 όγιόυ
924 629 1012 714 ἡμῶν
1032 632 1253 702 αῦθὲντουκοέ
1273 643 1334 717 βα-

245 733 359 804 σιλέως
379 726 502 793 ἔλευοιν
522 727 603 808 pert
624 729 733 802 αι’δοῦς
756 730 811 793 καί
830 729 999 811 τιμῆςκαί
1017 734 1193 812 εὐλαβείας.
1238 740 1295 800 κατ’
1316 736 1334 799 ό

244 833 304 910 μὲν
320 827 472 910 βασιλεῦς
501 830 669 905 ἐκαθέζετο
698 829 749 912 ἐφ’
781 830 879 892 ἵππου
910 826 1102 908 ὥραιοτῦτου
1123 838 1259 911 μέλανος
1280 837 1364 903 καδ5

245 926 581 1012 εῦτρεπιογιένουμετό
595 929 737 1010 ἐρυθροῦ
757 925 812 989 καί
829 926 1076 1012 χρυσοῦφόντου
1097 933 1252 1011 χασδιόυ·
1274 924 1336 1016 ῦρ-

243 1050 355 1109 χοντες
376 1029 411 1090 δὲ
432 1025 491 1090 καί
506 1049 587 1100 τινες
609 1022 699 1089 ἄλλοι
719 1027 939 1109 ουυηπεόγουτο
959 1029 1055 1114 crispi,
1079 1025 1158 1108 μετό
1181 1031 1338 1109 ου’ραικάς

246 1128 442 1202 λευκοειδοῦς
468 1124 726 1204 ε’πιοκεπόζοντες
750 1121 863 1206 αῦτόν,
887 1124 943 1189 καδ
963 1120 1046 1209 αῦτη
1068 1127 1336 1208 έπιμελανιζουσα

247 1226 292 1300 ιδς
311 1225 381 1289 ι’δέιι
404 1225 552 1306 οῦρανοῦ.
604 1224 658 1288 nai
686 1227 792 1308 ἕτερος
812 1227 905 1300 ἵππος
929 1223 1039 1299 λευκός
1058 1224 1259 1311 ὡραιότατος,
1282 1231 1339 1292 εῦ·

247 1325 452 1408 τρεπισμένος
469 1322 524 1388 καὶ
544 1322 640 1399 ου’τὸς
659 1323 698 1388 τοὶ
725 1319 819 1405 αῦτό,
840 1325 895 1389 καί
912 1325 1054 1408 χρυσοῦς
1076 1324 1187 1402 αἐτοῦς
1208 1329 1262 1392 ἐπέ
1281 1333 1340 1393 τοῦ
1354 1357 1389 1397 10

246 1423 384 1506 χασδόου
404 1421 486 1505 ἔχων
507 1428 562 1489 καί
581 1426 672 1508 ἕτερα
694 1427 804 1508 χρυσᾶ
833 1428 1005 1506 πλέγματα,
1028 1423 1196 1510 ἐπορεύετο
1216 1424 1339 1511 ἔμπρο-

246 1528 326 1589 σθεν
343 1525 399 1586 τοῦ
419 1522 574 1604 βασιλέως
582 1575 592 1606 ,
612 1523 656 1608 μή
680 1521 763 1607 ἔχων
783 1523 957 1607 ιῖνοβότην.
1001 1522 1018 1588 ό
1042 1527 1077 1589 δὲ
1096 1527 1341 1607 μακαριώτατος

247 1621 355 1699 πόπας
387 1614 426 1707 ἧν
456 1620 631 1707 καθήμενος
656 1621 711 1688 ε’πό
739 1627 794 1688 τοῦ
820 1626 974 1687 παλατίου
996 1623 1096 1687 αῦτοῦ
1117 1622 1197 1704 μετὰ
1219 1623 1341 1703 παντός

246 1725 304 1787 τοῦ
334 1723 466 1806 κλήρου,
497 1722 710 1808 καρδινόλεων
738 1721 857 1809 δηλαδη
896 1724 1133 1807 μητροπολιτῶν
1163 1722 1343 1790 ἐπισκόπων

246 1818 358 1904 ἱερέων
387 1820 443 1886 κατ’
473 1816 577 1887 ἄλλων
608 1826 665 1887 τοῦ
700 1821 860 1905 ἱερατικοῦ
880 1825 1071 1906 καταλόγου,
1098 1823 1154 1888 καί
1173 1823 1390 1908 α’ρχόνιωνιὸ·

245 1922 302 1984 sai
319 1922 487 2010 αῦδεντιῦν
500 1926 642 2002 πολλῶν,
664 1918 867 2005 ἐκδεχόμενοι
891 1920 948 1989 τόν
967 1926 1111 2005 βασιλέα.
1155 1928 1211 1987 κατ’
1230 1923 1342 1988 ἐλθόν-

245 2043 297 2096 τες
315 2018 344 2084 οἱ
366 2012 544 2105 ἔμπροσθεν
571 2020 723 2108 ἔφιπποι,
754 2025 837 2097 τινὲς
856 2025 915 2104 μὲν
937 2026 1000 2088 τῶν
1020 2021 1187 2106 ἀρχόντων
1208 2026 1343 2103 ἐπέζευ-

246 2145 318 2202 σαν,
342 2121 398 2185 καί
424 2120 560 2195 ου’τόςδ
588 2119 763 2204 δεσπότης,
799 2122 853 2187 καί
873 2123 1022 2206 εἰσῆλθον
1047 2122 1100 2186 διδ
1124 2127 1180 2204 τῆς
1201 2123 1346 2207 μεγάλης

254 2220 356 2304 πόλης
373 2218 462 2284 ἔνδον
482 2223 538 2285 τοῦ
559 2223 724 2303 παλατόου,
745 2212 786 2284 οδ
806 2215 845 2307 ἦν
866 2221 884 2286 δ
905 2221 1032 2298 πόσας·
1076 2220 1131 2286 τόν
1150 2225 1185 2285 δὲ
1205 2226 1345 2304 βασιλέα

253 2316 419 2403 εἰσήγαγον
439 2316 576 2406 ἔφιππον
598 2323 639 2384 δι’
653 2316 760 2404 ἑτέρας
783 2321 896 2406 πόλης.
938 2320 1031 2405 γνοῦς
1053 2315 1110 2386 οῦν
1129 2320 1145 2386 ῦ
1165 2319 1274 2397 πόσας
1296 2318 1392 2392 ότισο

253 2418 345 2501 ἑγγῦς
364 2422 434 2484 ἐστι
456 2423 512 2503 τῆς
531 2415 631 2502 πόλης
650 2419 667 2483 δ
689 2418 851 2501 βασιλεῦς,
872 2421 983 2506 ἀνέστη
1006 2424 1062 2486 κατ’
1080 2418 1273 2504 περιεπάτει.
1308 2418 1347 2487 δν

254 2520 310 2580 κατ’
331 2509 423 2600 εῦριν
457 2515 473 2581 ὃ
492 2519 644 2600 βασιλεῦς
663 2513 793 2601 ὄρθιον·
835 2525 890 2587 καί
907 2521 1010 2585 θέλων
1030 2525 1241 2604 γονυπετῆσαι
1252 2573 1262 2603 ,
1287 2523 1347 2586 οῦκ

255 2617 379 2702 α’φῆκεν
397 2613 532 2682 αῦτόνῦ
557 2613 663 2693 πόσας
692 2618 760 2684 ἀλλ’
781 2620 906 2704 ἐδέξατο
928 2618 1027 2684 ου’τόν
1048 2623 1094 2700 εἰς
1114 2618 1187 2696 τοῦς
1209 2620 1347 2699 κόλπους

329 2802 554 2877 α.μουοικῶνΡ
647 2821 687 2856 ro.
708 2804 758 2858 τοῦ
778 2804 860 2857 omP
934 2823 973 2874 ιγ.
992 2804 1205 2869 infirmarii?

255 2957 464 3003 strumentorum
482 2952 570 3003 omnis
589 2951 694 3020 generis
715 2951 846 3020 strepitn3
865 2952 1058 3021 consumitque
1076 2951 1169 3002 civitas
1189 2949 1348 3002 Ferrariu-

255 3024 324 3076 sium
344 3024 466 3074 universa
485 3021 683 3074 adridendum
704 3023 875 3074 sacratissimi
896 3021 996 3073 domini
1022 3023 1108 3074 nostri
1129 3031 1157 3072 et
1173 3021 1346 3090 imperatoris

254 3094 405 3155 introitum,
426 3111 486 3144 cam
505 3092 689 3156 observantia,
708 3092 811 3144 honore
829 3101 858 3144 et
876 3091 1178 3145 verecundis-sedebat
1195 3092 1347 3160 imperator

254 3165 283 3215 in
300 3182 369 3234 equo
387 3166 582 3216 formosissimo
604 3164 675 3232 nigri
694 3165 807 3224 coloris,
825 3163 869 3214 cni
889 3165 1018 3215 iniectum
1047 3173 1104 3216 erat
1130 3172 1246 3214 stratum
1265 3162 1346 3215 serici

253 3235 344 3286 villosi
362 3253 510 3305 purpuram
529 3243 557 3287 et
576 3251 640 3286 suro
656 3234 839 3286 intertextum.
859 3234 1000 3303 stipabant
1014 3251 1075 3285 eom
1093 3233 1230 3302 principes
1249 3233 1345 3284 etalii

253 3303 378 3374 qnidam,
398 3308 493 3358 aulaeo
519 3306 629 3358 condidi
657 3306 755 3357 coloris
784 3322 845 3357 eum
868 3314 1029 3374 opacantes.
1047 3306 1196 3372 nigricante
1215 3312 1347 3387 tanquam

253 3375 324 3427 coeli
350 3377 446 3445 imago.
476 3378 546 3429 alius
570 3394 657 3447 equas
682 3375 813 3428 candidus
842 3383 871 3427 et
892 3377 951 3446 ipse
976 3377 1183 3428 formosissimus
1207 3383 1235 3427 et
1260 3374 1344 3426 simili

253 3445 335 3497 modo
359 3457 483 3511 ornatus,
500 3450 528 3498 in
547 3449 621 3499 cuius
639 3455 723 3500 strato
750 3447 857 3517 aquiiae
876 3447 1001 3517 aliaeque
1018 3448 1118 3513 figurae
1136 3462 1201 3497 auro
1220 3445 1346 3499 intextas

254 3524 340 3578 erant,
358 3516 546 3586 imperatorem
565 3517 759 3588 praecedebat,
786 3535 877 3570 carens
897 3519 998 3587 equite.
1020 3518 1204 3568 sanctissimus
1222 3533 1296 3586 papa
1315 3517 1345 3566 in

253 3587 357 3659 palatio
382 3605 431 3638 sno
449 3606 509 3640 cnm
527 3598 587 3640 toto
605 3587 726 3650 ciero,lr.
743 3606 766 3639 e.
793 3590 956 3657 purpuratis,
982 3588 1179 3658 metropolitis,
1198 3588 1345 3656 episcopis,

254 3657 458 3720 sacerdotibus,
483 3660 635 3728 ceterisque
666 3659 864 3723 ecciesiasticis,
885 3667 913 3711 et
932 3659 994 3711 viris
1014 3658 1183 3727 principibus
1203 3675 1235 3708 sc
1254 3657 1346 3710 domi·

252 3732 297 3783 nis
315 3730 417 3790 multis,
436 3730 625 3795 imperatorem
639 3738 805 3798 exspectans,
824 3729 944 3782 sedebat.
964 3729 1093 3790 advectis,
1108 3729 1157 3797 qui
1174 3744 1270 3795 agmen
1290 3728 1344 3779 dss-

254 3801 368 3865 cebant,
387 3799 540 3870 equitibus,
571 3816 585 3849 e
605 3799 773 3868 principibus
798 3800 925 3854 nonnulii
949 3799 1165 3861 descenderunt,
1183 3800 1256 3849 inter
1274 3815 1344 3868 quos

256 3876 314 3943 ipse
332 3872 445 3941 despota
463 3870 523 3932 snit,
542 3887 572 3919 ac
591 3887 639 3937 per
658 3887 778 3937 magnam
804 3880 908 3938 portam
926 3872 1039 3940 palatii,
1057 3870 1105 3921 ubi
1124 3887 1193 3938 papa
1213 3878 1280 3931 erat,
1298 3870 1343 3920 in-

256 3944 338 4011 gressi
358 3951 438 4006 sunt3
461 3943 649 4011 imperatorem
670 3958 718 4008 per
742 3941 822 3991 aliam
846 3949 951 4009 portem
970 3959 1041 4012 equo
1066 3940 1232 3992 insidentem
1253 3941 1343 3991 intro-

256 4013 400 4065 duxerunt.
429 4029 514 4083 papa,
542 4012 668 4078 cognito,
694 4011 881 4079 imperatorem
906 4012 941 4063 asi
967 4021 1072 4082 portam
1098 4009 1206 4070 adesse,
1227 4011 1343 4060 surrexit

257 4092 286 4134 et
305 4085 495 4145 inambulavit,
514 4091 542 4134 et
560 4083 598 4134 ita
624 4081 709 4149 spotia
736 4081 880 4134 facientem
903 4083 1017 4135 offendit
1036 4100 1097 4133 emn
1116 4083 1276 4152 imperator:
1295 4080 1343 4150 qui

256 4171 340 4226 qnam
360 4157 388 4206 in
414 4171 500 4224 genua
520 4153 603 4208 vellet
628 4151 818 4223 procumbere,
838 4170 894 4207 non
923 4154 951 4205 id
970 4154 1093 4224 permisit
1110 4169 1196 4223 papa,
1214 4150 1263 4203 sed
1280 4168 1344 4203 eum
