2782 5100
229 266 288 352 86
550 292 724 356 enouou
753 289 994 356 ruuauman

230 439 301 513 λεία
323 443 448 508 ἐνέπεσε
470 439 524 507 dui
544 464 633 517 τινος
654 436 814 526 διαφοράς
834 435 889 503 καί
904 439 1060 519 πολέμους
1079 440 1142 503 τάν
1160 434 1241 509 υἱοῖν
1261 442 1324 505 τοῦ

230 539 491 625 Μπαγεαζήτου,
513 538 547 606 οἳ
564 540 608 616 ὥς
620 531 767 625 ,ήκουσαν
793 540 939 622 περὶτοῦ
958 534 1183 623 θανάτουτοῦ
1201 535 1324 625 πατρὸς

231 636 359 724 atzar,
379 640 574 724 ,ἠγωνίζοντο
600 640 652 703 ἵνα
678 636 806 714 ἕκαστος
831 639 886 721 τῆς
905 638 1069 719 βασιλείοις
1090 639 1146 721 τῆς
1165 640 1325 722 πατρικῆς

230 736 339 826 κάρτος
357 742 495 824 γίνηται.
540 739 597 802 καί
620 723 814 820 περάσαντες
839 738 886 812 εἰς
905 734 963 819 τήν
981 736 1140 822 Εάροάπην
1159 734 1190 802 οἱ
1208 741 1325 804 τέσσα-

179 859 214 902 oo
232 863 286 925 ρες
305 836 519 923 αὐτάδελφον,
551 835 605 901 διά
642 837 697 901 τὸν
717 836 844 920 Μωσήν
865 835 909 910 οἷς
929 832 1100 919 εἰρήκαμεν
1121 836 1355 920 αλχμάλωτονὸ

230 936 310 1021 μετά
333 942 389 1004 τοῦ
409 935 531 1020 πατρὸς
551 938 817 1016 ἐναπομείναντα,
847 933 1001 1020 Ἰωσοάφ,
1023 935 1067 1011 eir
1090 932 1232 1019 εἴπομεν,
1253 961 1326 1023 φοο-

229 1041 352 1113 τισθείς
369 1041 408 1125 τῇ
431 1034 524 1125 αἴγλη
555 1040 615 1101 τοῦ
643 1034 736 1119 ἁγίου
755 1034 933 1117 πνεύματος
958 1032 1153 1120 Χριστιανὸς
1176 1033 1326 1120 ἐγεγόνει,

228 1135 259 1202 oi
285 1141 322 1203 δὲ
343 1139 445 1221 ἕτερον
474 1137 633 1216 α’ναμίσον
662 1132 861 1221 διεφέροντο,
887 1135 944 1200 ναί
973 1131 1079 1220 μάχης
1098 1138 1264 1221 γενομένης
1283 1136 1325 1203 τά

226 1238 286 1303 τοῦ
307 1237 427 1303 Ἰεσσαί
449 1229 552 1318 ὀλίγον
586 1231 697 1318 καιρὸν
721 1232 931 1317 άπερίσχυσε.
977 1234 1034 1299 καί
1052 1234 1164 1321 φολίσιν
1182 1233 1326 1321 μεγάλην

228 1335 312 1420 ἔχων
339 1333 421 1417 μετά
452 1336 512 1399 τοῦ
545 1336 701 1417 βασιλέως
722 1330 781 1417 κάρ
803 1330 965 1417 Μονουήλ
992 1332 1048 1398 καί
1071 1334 1205 1418 στρατάν
1224 1358 1375 1402 σανα-ιο

228 1438 371 1518 θροίσας.
385 1433 465 1499 κατά
487 1436 547 1499 τοῦ
566 1430 663 1520 (ληγάς
685 1431 866 1517 Οάγγορίας
886 1431 991 1498 tuedo
1012 1427 1104 1500 οὐδὲν
1117 1433 1325 1519 κατώρθωσε.

231 1536 287 1600 καί
305 1531 383 1598 κατά
403 1537 464 1598 τοῦ
483 1531 639 1599 δεσπότου
661 1534 796 1616 Σερβιας
816 1528 920 1598 stede
941 1532 1037 1599 οὐδὲν
1060 1535 1149 1623 adrui
1165 1531 1328 1620 χρήσιμον

230 1632 378 1716 ἐγεγόνει.
399 1636 456 1698 καί
473 1632 615 1718 περάσας
636 1634 671 1698 ἒν
691 1635 729 1719 τῇ
744 1626 845 1722 Ἀσίᾳ
868 1634 921 1697 ἵνα
944 1630 1023 1722 ἔλθη
1044 1632 1124 1699 κατά
1150 1636 1210 1698 τοῦ
1229 1631 1328 1699 dret-

230 1736 298 1819 φοῦ
307 1733 580 1815 Μουσουλμάνου,
601 1731 657 1797 καί
676 1734 721 1810 είς
740 1729 780 1797 τά
799 1731 882 1818 μέρη
903 1735 961 1818 τής
979 1734 1206 1798 Καππαδοκῶν
1225 1735 1328 1819 ἔπαρ-

227 1832 305 1914 χίος
334 1830 587 1916 συναντήσαντος
614 1833 735 1898 ἐκείνου
763 1833 878 1898 Ἰεσσαί
901 1831 1047 1917 ἡττηθείς
1077 1831 1194 1918 ἔφυγε,
1214 1831 1270 1898 καί
1290 1835 1376 1903 ίνιὸ

227 1933 272 2021 τῷ
291 1929 420 2018 φεάγειν
446 1917 616 2007 πλάσαντες
646 1929 745 1995 ου’τόν
771 1930 970 2015 προσήγαγον
995 1934 1040 2020 τῷ
1059 1931 1208 2021 ἀδελφῷ·
1248 1929 1328 2000 ὅδὲ

228 2033 430 2110 ἐναπέπνιξεν
451 2023 550 2096 ου’τάν
569 2029 701 2106 σταθείς
716 2031 750 2094 ἓν
767 2031 809 2116 τῇ
827 2023 915 2118 άρχή
930 2033 1056 2117 μῆνας.
1080 2077 1089 2094 .
1111 2077 1119 2094 .
1162 2032 1248 2118 (28.)
1270 2030 1330 2098 καί

229 2130 248 2195 ά
269 2126 528 2212 Μουσουλμάνος
546 2127 701 2214 ’ἐγκρατής
720 2127 886 2212 γενόμενος
904 2132 961 2213 τής
979 2130 1099 2215 σ’ρχής,
1119 2127 1139 2193 o‘
1162 2127 1328 2215 Ντεμίρης

228 2225 336 2299 ἔπειτα
356 2228 413 2295 τάν
433 2225 575 2316 άδελφὸν
594 2231 696 2295 αυτοῦ
716 2231 844 2312 Μωσήν
861 2228 1101 2314 ἠλευθέρωσεν,
1124 2225 1161 2304 ὃς
1181 2225 1327 2314 περάσας

227 2330 360 2415 τροφάς
379 2321 478 2413 ἦλθεν
496 2331 532 2395 ἓν
551 2325 756 2418 τῇΕίράπη,
777 2330 835 2393 καί
854 2326 873 2392 δ
896 2325 1051 2412 δεσπότης
1070 2326 1206 2413 Septiciae
1226 2333 1326 2414 χεῖρα
1334 2349 1374 2391 no

228 2424 340 2510 ἱκανήν
362 2427 469 2504 δάσας
490 2428 546 2493 καί
563 2426 726 2514 βοηθήσας
745 2423 852 2515 usiani,
878 2429 958 2510 λέγω
977 2431 1021 2518 τῷ
1031 2429 1150 2514 Menapi,
1171 2425 1327 2513 ἐγκρατής

229 2524 310 2589 κατά
336 2531 391 2610 τής
420 2525 577 2611 Εὐρώπης
607 2522 753 2611 ίγεγάνει.
801 2524 919 2607 μαθών
948 2529 985 2591 δὲ
1014 2530 1108 2591 τοῦτο
1136 2525 1155 2589 o‘
1182 2525 1327 2613 ἀδελφάς

228 2624 331 2695 αὐτοῦ
350 2622 612 2708 Μουσοολμάνος
640 2629 675 2691 ἒν
702 2629 741 2715 τῇ
761 2625 860 2713 'Aui'p
885 2625 1025 2712 περάσας
1047 2622 1102 2690 διά
1121 2627 1179 2710 τῆς
1201 2622 1327 2703 πόλεως

302 2817 325 2852 ι.
343 2819 423 2862 τινας
441 2768 581 2874 ἀφορμάς
597 2797 744 2874 διαφοράς
760 2819 790 2857 τε
806 2802 827 2852 Ρ
914 2804 941 2856 6.
962 2800 1187 2875 ἔναπομεΐναεΡ
1281 2819 1324 2873 ¹7·

297 2871 402 2997 ἐριτεριθοη
414 2873 558 2999 §.Hippou
571 2873 780 2945 μήναςΔΙῑοτιιε
791 2872 845 2926 add
855 2872 967 2946 ὀλίγους
1039 2878 1080 2930 ι8.
1098 2871 1185 2945 ἀρχῆς
1202 2867 1238 2941 ἦν
1252 2872 1325 2929 τότε.

228 3095 294 3164 qui,
314 3095 407 3148 audita
431 3103 519 3150 morte
542 3097 643 3166 patrie,
660 3113 710 3165 pro
735 3112 764 3148 se
783 3097 899 3167 quiaque
927 3094 1101 3160 nitebantur,
1121 3101 1153 3147 ut
1169 3112 1252 3164 regno
1271 3112 1326 3166 pa.

227 3173 305 3217 terno
344 3169 504 3235 potirentur.
533 3175 674 3219 transeunt
699 3169 728 3218 in
752 3168 886 3238 Europam
913 3168 1009 3220 fratrea
1036 3167 1156 3236 germani
1186 3175 1324 3237 quatuor:

226 3234 332 3287 Mosem
349 3239 422 3290 enim
438 3239 673 3307 captivum-fuisse
690 3254 751 3289 eum
774 3247 869 3307 patre,
897 3240 1062 3290 monuimus:
1083 3237 1200 3289 diximus
1221 3239 1325 3303 etiam,

226 3305 387 3375 Iosuphum,
409 3310 519 3378 spiritus
537 3311 623 3361 sancti
639 3309 743 3360 lumine
759 3309 912 3379 impletum,
931 3309 1113 3361 Christianum
1133 3309 1232 3359 sactum
1253 3324 1325 3361 esse.

227 3376 329 3445 reliqui
353 3378 426 3429 inter
451 3396 480 3431 ee
507 3378 680 3432 dissidebant
707 3381 814 3448 proelio
844 3380 932 3444 facto,
958 3397 1030 3431 arma
1049 3381 1134 3431 Iessea
1152 3378 1326 3447 aliquamdiu

225 3445 427 3513 praevalebant.
445 3450 485 3513 is,
503 3459 576 3502 arcta
596 3451 714 3502 amicitia
741 3468 800 3502 cum
818 3452 979 3520 imperatore
997 3450 1127 3502 Manuele
1144 3451 1326 3513 coniunctus,

226 3517 350 3570 conectis
368 3519 469 3587 copiis,
489 3519 616 3572 adversus
632 3521 818 3588 Hungarorum
835 3538 925 3590 regem
939 3521 1076 3590 proiectus
1094 3529 1144 3582 est,
1162 3536 1213 3571 nec
1228 3527 1325 3573 tamen

224 3587 376 3657 quidquem
396 3589 464 3657 egit3
490 3606 541 3641 nec
560 3590 668 3641 Serviae
692 3591 832 3660 despotam
855 3609 994 3660 aggresso,
1015 3590 1197 3661 expeditionis
1216 3590 1324 3642 fructus

224 3659 365 3711 constitit:
386 3666 430 3722 et,
448 3675 530 3728 quum
547 3660 576 3711 in
595 3662 685 3712 Asiam
702 3662 868 3725 traiecisset,
890 3663 1091 3714 Mnaulmanum
1112 3661 1222 3712 fratrem
1239 3660 1325 3712 ador-

223 3737 317 3791 turue‚
336 3731 365 3780 in
388 3727 581 3798 Cappadocum
601 3731 701 3782 finibus
718 3748 778 3782 cum
797 3749 830 3783 eo
849 3748 1025 3801 congressus,
1051 3732 1156 3800 fugatus
1177 3739 1219 3782 eat
1237 3739 1274 3794 et,
1293 3733 1326 3785 in

224 3801 287 3869 suge
308 3799 534 3869 comprehensae,
551 3800 588 3851 ed
606 3801 717 3853 fratrem
737 3801 879 3864 adductus,
896 3805 944 3872 qui
963 3818 1025 3854 eum
1042 3802 1204 3872 strangulari
1223 3802 1325 3865 iueeit,

223 3871 339 3941 imperio
355 3870 474 3940 potitum
490 3886 597 3923 menses
618 3908 757 3923 ......
777 3873 844 3944 (28.)
861 3889 943 3942 regno
957 3889 974 3925 a
986 3873 1159 3924 Musulmano
1177 3880 1323 3941 occupato,

222 3942 346 3994 Demiree
364 3942 483 4004 Mosem,
500 3942 609 3993 fratrem
623 3943 699 4003 eiua,
716 3941 834 3995 liberum
853 3942 968 4006 dimisit,
987 3945 1036 4014 qui
1053 3944 1123 3995 clam
1142 3943 1171 3994 in
1185 3942 1325 4010 Europam

221 4020 403 4081 transgressus
423 4021 451 4064 et
471 4028 487 4063 a
506 4011 619 4083 despota
632 4013 742 4065 serviae
760 4014 913 4066 sufficiente
930 4031 1011 4066 manu
1030 4015 1177 4066 instructus
1195 4020 1224 4065 et
1241 4013 1326 4064 adiu-

221 4092 284 4144 tus,
302 4099 333 4134 ea
351 4090 429 4152 parte
448 4085 571 4152 superior
587 4084 626 4135 fit.
646 4083 698 4135 hoc
715 4102 798 4154 quum
811 4085 928 4155 primum
939 4085 1134 4147 Musulmanus,
1151 4083 1237 4136 frater
1252 4085 1324 4145 eiua.

221 4154 252 4207 in
270 4153 333 4206 daia
350 4154 463 4225 accepit,
483 4154 512 4208 in
534 4155 667 4225 Europam
685 4157 808 4218 traiecit,
828 4164 858 4208 ut
876 4173 925 4226 per
936 4156 1094 4224 Byzantium
1114 4155 1191 4208 fratri
1210 4153 1323 4210 obviam
