2782 5100
246 251 327 336 126
557 274 732 341 ouoaou
766 275 1008 341 minuamur:

239 431 339 495 αὐτοῦ
368 424 398 491 οἱ
418 423 494 508 ἐμοὶ
520 422 688 511 ἔξάόελφοι
716 423 949 513 οννανάτροφοι
975 419 1064 513 αὐτῷ
1090 429 1146 490 και·
1165 428 1254 514 φίλοι
1276 429 1334 495 καί

236 532 348 594 όοόλοι
368 527 477 613 uitri,
499 528 556 590 καί
579 523 640 608 ἐμοὶ
661 531 728 606 μετ’
748 526 866 589 αότοῑν.
913 520 981 590 εἶτα
1002 527 1061 588 τοῦ
1080 530 1195 611 καιροῦ
1217 533 1331 613 φέρον-

235 649 290 704 τος
310 629 465 693 οἰκείοισιν
487 625 566 705 ἐμοῦ
587 621 666 709 πρὸς
697 621 752 688 τόν
776 625 956 708 μακαρίτην
973 623 1029 688 καί
1046 627 1190 706 ἀοίδιμον
1208 631 1330 712 πατέρα

236 730 357 808 αότοῦ,
377 727 432 789 καί
451 716 513 789 όσο
532 720 617 810 αὐτῷ
632 716 672 808 ἧν
689 724 845 806 α’ναγκαῖα
861 724 902 786 δι’
921 725 1002 803 ἐμοῦ
1020 717 1176 803 εόριοκεν.
1219 725 1330 809 η’ράπα

232 826 294 911 γάρ
314 824 402 908 ’ἔχειν
421 845 462 904 με
484 820 625 887 καθόλου
647 823 693 897 εἰς
718 821 775 906 τὴν
797 821 900 887 αότοό
918 819 1131 906 δουλοσύνην·
1173 822 1362 909 οονήθειαὸ

231 925 292 1010 γάρ
326 919 440 1009 ἦνκαὶ
465 920 553 1000 τάξις
582 925 617 986 ἐν
636 929 701 994 τοῖς
731 925 794 985 τοῖν
815 925 973 1002 βασιλέων
1002 917 1098 995 οἴκοις
1117 932 1236 1008 χωρεῖν
1252 922 1331 1002 τούς

231 1027 296 1090 τοῖν
315 1022 462 1109 πατέρων
483 1018 653 1097 κελλιοότας
675 1024 709 1086 ἐν
731 1029 797 1097 τοῖς
817 1023 880 1085 τοόν
901 1019 982 1085 οὶοόν
995 1025 1139 1096 κελλόοις,
1163 1023 1232 1087 ἄλλ’
1252 1023 1333 1106 ον’χί

230 1121 305 1198 τοός
327 1126 390 1188 τοῖν
412 1118 491 1185 viror
513 1116 682 1194 κελλιοότας
703 1121 738 1185 όν
756 1127 822 1194 τοῖς
841 1121 899 1183 τοῦ
919 1118 1058 1204 πατρός·
1099 1125 1193 1186 τοῦτο
1222 1124 1257 1187 δὲ
1279 1120 1330 1187 ἔτι

232 1220 358 1302 ζώντων
378 1224 440 1285 τῶν
463 1223 618 1304 πατέρων,
641 1221 708 1283 αλλ’
730 1221 806 1302 ον’χί
816 1216 896 1299 μετά
913 1215 1062 1284 θάνατον.
1106 1216 1149 1296 οός
1170 1215 1228 1286 οόν
1247 1223 1330 1287 αἰιέ.

230 1326 329 1388 θανεν
349 1317 365 1383 ό
384 1319 558 1401 μακαρίτης
577 1319 634 1381 καί
653 1317 797 1400 ἀοίδιμος
819 1316 924 1402 πατηρ
946 1319 1048 1382 aizoo
1056 1368 1066 1401 ,
1085 1316 1164 1400 μετά
1182 1321 1218 1385 τό
1240 1325 1330 1407 πρῶ·
1343 1347 1378 1390 ιο

231 1443 287 1486 τον
306 1419 409 1484 nitori
419 1416 619 1501 μνημόσυνον
633 1420 871 1502 όπεοιρέψαμεν
890 1415 1006 1494 πάντες
1027 1416 1056 1483 οἱ
1077 1424 1245 1485 κελλιῶται
1266 1423 1331 1487 αό-

178 1545 214 1598 ²9
232 1524 292 1585 τοῦ
309 1519 355 1594 εἰς
372 1517 407 1582 τό
431 1505 602 1582 παλάὶιον·
653 1514 729 1591 ἔθος
748 1518 809 1601 γάρ
834 1520 902 1582 ἐστι
923 1518 979 1581 καὶ
1009 1520 1101 1584 τοῦτο
1108 1569 1118 1599 ,
1139 1514 1187 1583 ότι
1206 1518 1235 1584 oi
1257 1527 1331 1586 κελ·

230 1622 342 1683 λιοῖται
365 1615 466 1682 orituri
494 1614 534 1698 δη
566 1619 625 1680 τοῦ
652 1621 809 1697 βασιλέως
838 1619 1029 1698 καταμένειν
1057 1617 1113 1682 ἐπὶ
1138 1617 1193 1684 τόν
1220 1618 1330 1706 τάφον

229 1718 330 1784 orituri
362 1718 460 1799 μέχρι
487 1718 543 1779 rori
573 1713 704 1801 πράτοιλ
722 1714 938 1798 μνημοσόνοο.
981 1714 1038 1779 καί
1056 1713 1158 1793 οότοος
1182 1715 1330 1803 ἀπήλθο-

227 1840 287 1898 μεν
306 1817 353 1891 εἰς
369 1813 426 1899 την
454 1816 577 1895 οἰκίαιν,
605 1812 686 1879 ἔνθα
713 1818 882 1895 κατέμενεν
913 1812 931 1878 ό
958 1810 1070 1901 ῥηθεός
1090 1816 1242 1901 δεσπότης
1265 1817 1326 1905 κόρ
1341 1819 1376 1884 ι5

228 1920 479 1996 Κωνστοντῖνος,
499 1911 761 1990 καθάιαντεςέξοο
783 1911 828 1989 οἷς
849 1909 880 1978 οἱ
900 1917 1019 1979 πολλοί.
1039 1913 1156 1997 μοθοόν
1178 1917 1214 1981 δὲ
1230 1923 1328 1983 τοῦτο

229 2014 247 2078 ό
270 2011 424 2097 δεσπότης
446 2016 635 2089 α’ποοτειλας
655 2011 711 2079 τόν
726 2012 817 2078 θεῖόν
829 2035 894 2094 μου
905 2067 915 2097 ,
936 2014 992 2079 καὶ
1010 2012 1115 2100 εἴρηκέ
1134 2039 1190 2098 μοι
1210 2018 1329 2082 δεσπο-

227 2119 305 2202 τικῷ
325 2111 544 2196 προστάγματι
572 2110 620 2178 ότι
652 2111 693 2178 nai
713 2117 775 2194 μὲν
796 2109 970 2198 τετήρηκας
997 2113 1056 2197 τη’ν
1084 2114 1171 2193 τάξιν
1189 2116 1247 2180 κατ’
1267 2117 1330 2182 οόκ

172 2280 176 2289 ,
228 2217 374 2298 εἰσῆλθες
397 2215 443 2289 εἰς
472 2210 507 2278 τό
537 2215 657 2278 κελλόον
683 2235 748 2295 μου
776 2215 810 2292 ἐξ
839 2212 953 2298 όρόοό,
987 2214 1030 2289 οἷς
1050 2211 1124 2289 ἔθος
1143 2236 1195 2280 σοι
1217 2207 1260 2302 ἧν
1280 2214 1329 2282 ἔτι

170 2319 176 2325 ”
229 2315 345 2392 ζῶντος
373 2317 431 2378 τοῦ
465 2307 619 2389 αόόεντός
647 2334 712 2392 μον
732 2313 788 2376 καί
804 2315 960 2395 βασιλέως
989 2316 1045 2376 καί
1063 2311 1202 2399 πατρός·
1243 2315 1374 2400 πλῆντο

140 2426 142 2431 ’
227 2408 320 2497 ἡμεῖς
341 2410 505 2498 ὀφειλέται
527 2403 616 2487 όντες
633 2415 689 2495 τῆς
710 2409 835 2496 α’γάπης
866 2409 922 2476 καὶ
941 2410 1133 2497 δουλοοόνης
1155 2418 1212 2497 τῆς
1232 2412 1324 2498 παρά

228 2516 289 2576 τοῦ
308 2511 389 2595 πρός
410 2509 508 2575 ου’τόν
527 2509 582 2575 καὶ
592 2509 673 2594 πρός
693 2512 778 2596 ἡμᾶς
793 2512 1019 2595 εόεργετοόμέν
1032 2535 1070 2578 σε
1082 2516 1142 2576 τοῦ
1163 2510 1326 2580 δόναοθαι

228 2607 385 2697 ἔρχεσθαι
407 2614 440 2689 ἐξ
461 2608 563 2696 ὀρθοῦ
581 2610 638 2676 καί
655 2612 700 2686 εἰς
721 2609 755 2675 τό
780 2613 900 2676 κελλιόν
921 2633 1002 2694 μοο,
1031 2607 1076 2689 οἷς
1094 2614 1150 2678 καί
1169 2608 1325 2700 πρότερον

297 2825 322 2882 7.
340 2810 468 2871 κελλείοις
486 2809 506 2862 Ρ
604 2827 643 2866 ra.
661 2805 706 2864 ὅτι
722 2806 788 2869 τούς
804 2808 948 2870 κελλιάιας
965 2811 984 2863 Ρ
1087 2813 1124 2869 18.
1144 2808 1195 2886 δτι]
1213 2811 1282 2868 τάδε
1302 2812 1323 2867 Ρ

297 2896 341 2933 αι.
364 2880 448 2955 ὄντες]
467 2878 540 2936 uiro
557 2880 578 2933 Ρ
666 2897 709 2932 aa.
728 2879 802 2954 ἡμᾶς
821 2882 908 2955 ἐσμὲν
925 2880 1014 2955 εὐερμ.
1033 2881 1053 2935 Ρ

226 3067 307 3122 buius
326 3069 393 3134 filii,
411 3068 507 3122 fratres
524 3068 579 3122 mei
595 3068 742 3140 patrueles,
759 3068 818 3122 nna
836 3084 897 3120 cum
923 3067 972 3119 illo
992 3066 1181 3134 educarentur,
1198 3069 1228 3121 iu
1247 3070 1326 3122 eius·

226 3141 343 3210 demque
361 3149 452 3194 ostent
468 3142 558 3194 amicir
573 3132 605 3193 'et
629 3142 770 3194 ministris:
793 3139 954 3212 quibuscum
977 3156 1026 3208 ego
1053 3141 1082 3191 in
1100 3140 1176 3192 illiue
1195 3142 1261 3193 veni
1280 3142 1325 3194 fa·

225 3212 418 3267 miliaritatem.
444 3211 562 3279 deinde,
587 3212 691 3264 serente
714 3213 751 3265 ita
774 3212 957 3281 tempore‚in
978 3209 1053 3262 beati
1083 3219 1111 3262 et
1129 3212 1241 3278 gloriosi
1268 3230 1324 3283 pa·

226 3283 276 3333 triu
298 3283 356 3333 einr
374 3285 551 3336 ministerium
570 3284 682 3348 transii,
701 3285 747 3353 qui
768 3284 796 3334 in
825 3283 899 3335 omni
928 3297 956 3332 re
977 3281 1029 3332 ribi
1061 3283 1211 3333 ueceaaaiia
1236 3299 1325 3352 opera

136 3358 140 3363 '
226 3368 287 3404 mea
305 3353 443 3407 utebatur.
471 3372 580 3424 prorsus
605 3356 676 3406 enirn
694 3355 823 3424 cupiebat
844 3354 873 3404 in
896 3369 945 3404 ruo
969 3369 1010 3404 me
1034 3351 1135 3404 habere
1158 3352 1324 3407 ministerio.

226 3437 300 3473 more
318 3432 407 3475 autem
420 3433 448 3476 et
458 3425 655 3478 consuetudine
671 3435 808 3494 receptum
820 3431 878 3475 erat
891 3424 921 3474 in
939 3423 1130 3491 imperatorum
1152 3424 1272 3492 palatiis,
1293 3435 1326 3479 ut

225 3501 332 3563 patrum
349 3494 509 3546 cubicularii
531 3498 560 3548 in
582 3495 707 3547 cubicula
731 3496 849 3547 filiorum
865 3495 1016 3557 intrarent,
1042 3510 1098 3545 nou
1125 3504 1219 3545 contra
1248 3495 1326 3548 filio·

225 3579 285 3616 rum
303 3564 462 3616 cubicularii
480 3567 509 3617 in
536 3565 660 3618 cubicula
680 3567 781 3635 patria:
805 3565 889 3686 ἱιΙιηιιε
915 3564 983 3615 vivis
1012 3564 1152 3634 patribus,
1174 3582 1230 3617 non
1257 3575 1326 3635 poet

226 3635 375 3688 eorundem
397 3644 520 3688 mortem.
552 3646 696 3707 postquam
725 3638 840 3706 igituro
862 3636 894 3686 iit
917 3634 1013 3687 beatur
1036 3643 1063 3687 et
1090 3636 1223 3704 gloriosus
1242 3646 1326 3706 pater

226 3707 304 3771 eiua,
327 3708 443 3776 peractis
470 3707 513 3757 ini
536 3708 630 3775 primis
660 3709 752 3769 initia,
771 3723 864 3759 omnes
887 3704 1045 3776 cubicularii
1064 3707 1122 3758 eiua
1139 3708 1166 3757 in
1186 3707 1324 3777 palatium

225 3778 324 3830 reversi
342 3793 441 3829 eumne.
460 3794 522 3828 nam
542 3776 587 3829 hio
606 3792 717 3847 quoque
742 3795 799 3829 mor
819 3785 902 3840 tenet,
922 3785 952 3828 ut
970 3776 1129 3828 cubicularii
1148 3779 1324 3847 imperatoria

224 3850 296 3901 cirea
323 3849 476 3918 sepulcrum
501 3849 558 3899 eiur
583 3859 711 3902 maneant
737 3864 823 3918 usque
848 3847 883 3899 ad
901 3848 987 3917 prima
1014 3848 1256 3908 racraiuneralia.
1283 3852 1325 3903 ita

225 3919 333 3971 demum
361 3918 409 3970 ad*
426 3919 521 3982 aedes,
546 3919 695 3989 inquibus
721 3918 915 3971 Constantinus
942 3918 1054 3987 despota
1084 3920 1324 3986 commorabatur,

224 3991 404 4053 discernimur,
424 3990 553 4061 forisque,
572 3998 603 4042 ut
614 3992 697 4042 ceteri
709 3991 843 4060 plerique,
858 3990 1035 4041 comedimus.
1062 3991 1136 4060 quod
1155 3989 1203 4041 ubi
1216 3992 1326 4046 audivit

224 4060 345 4130 deepota,
364 4063 438 4114 misit
457 4062 491 4113 ad
509 4077 553 4112 me
570 4069 696 4131 patruum
714 4078 813 4122 meum,
832 4060 878 4131 qui
892 4076 940 4111 auo
953 4061 1062 4113 nomine
1076 4062 1114 4112 ita
1128 4061 1194 4112 mihi
1217 4080 1324 4116 renun-

223 4132 317 4186 tiaret:
333 4128 431 4186 “recte
453 4142 482 4186 tu
503 4131 613 4203 quidem
634 4149 735 4186 morem
748 4131 910 4197 observasti,
929 4141 959 4184 ut
976 4147 1032 4185 non
1053 4135 1167 4186 intrares
1179 4136 1273 4189 atatim
1293 4136 1324 4190 in
