2782 5100
220 263 300 371 tio
416 335 417 341 a
534 297 710 363 onoaou
739 292 982 362 ruiturum

214 453 307 512 οιλαν
328 448 502 534 α’ρχιερέα,
533 451 588 511 καί
616 440 735 534 ᾤκησεν
766 450 811 523 εἰς
832 444 891 530 την
919 445 1018 531 μονὴν
1037 450 1093 530 τῆς
1114 442 1207 529 όγίας
1233 447 1314 512 Θεο-

215 548 320 632 δοόρας
338 547 417 628 μετὰ
446 551 500 633 τῆς
521 546 790 631 Παλαιολογίνης,
823 549 976 629 ἐναρέτου
1003 547 1059 610 καί
1077 548 1184 630 λογιάς
1201 566 1315 628 γυναι-

215 643 285 727 κός,
316 649 392 728 περί
420 639 458 730 ἧς
480 646 630 723 πολλάκις
663 647 798 722 πολλοὺς
829 639 950 731 ἥκουσα
973 646 1058 730 παρὰ
1081 651 1142 710 τοῦ
1161 644 1314 726 ἀοιδίμου

214 747 371 827 βασιλέως
391 743 451 831 κόρ
465 746 626 832 Massurii.
648 747 805 827 ἐπαίνους,
827 749 883 811 καί
901 744 1037 823 πολλοός
1057 742 1191 820 κανόνας
1212 740 1258 820 εἴς
1280 765 1316 806 τε

215 845 270 909 τόν
298 839 388 927 ἅγιον
410 845 589 930 Δημήτριον
619 850 676 910 καί
713 845 807 929 όγίαν
841 842 1010 931 Θεοδώρου
1038 850 1095 909 καί
1122 847 1169 920 εἰς
1198 836 1345 915 detonso

216 945 327 1026 ἁγίους
356 944 520 1027 α’νέγνιοσα
543 944 605 1028 ἐγιό
636 947 756 1029 ἐκείνης
782 941 963 1028 ποιήματα·
1007 947 1044 1011 αϊ
1063 939 1149 1028 εἶχον
1169 942 1230 1007 σόν
1254 938 1315 1004 αό-

213 1052 284 1118 ταῑς
302 1046 357 1107 καί
377 1041 434 1126 την
454 1043 549 1126 όγίαν
572 1046 751 1126 Θωμαίδα,
776 1043 834 1109 καί
851 1046 1020 1110 ἐπαίδευον
1040 1042 1086 1119 είς
1106 1066 1139 1109 τε
1161 1040 1217 1126 τήν
1238 1040 1316 1123 ἀρε·
1338 1065 1348 1076 ’

213 1141 270 1226 την
289 1146 347 1206 καί
367 1144 467 1227 λόγον.
510 1141 554 1218 ὥς
576 1145 612 1207 δὲ
632 1137 713 1227 η’λθε
732 1142 768 1209 τό
793 1147 881 1220 τέλος
900 1144 1021 1226 αὐτῶν,
1044 1147 1212 1208 κατέλιπον
1233 1139 1317 1225 αὐτῇ

213 1239 314 1306 πάντα
336 1238 523 1320 voudrais,
546 1240 628 1307 όλλό
651 1234 690 1327 δη
714 1246 770 1308 καί
790 1244 847 1330 τὴν
865 1248 921 1310 τοῦ
942 1246 1137 1327 Κυπριανοό
1155 1247 1314 1325 γυναῖκα,

213 1338 285 1423 ἥτις
305 1340 549 1426 ιίγαναιιτηοασα
574 1343 607 1406 τό
637 1341 775 1428 σκληρόν
804 1345 864 1409 τοῦ
884 1343 1001 1427 ἀνδρὸς
1022 1338 1119 1426 αὑτῆς
1143 1343 1197 1404 καί
1216 1340 1314 1402 οἶπελ.
1331 1361 1366 1402 ιο

215 1444 321 1505 δοῦσα
343 1438 422 1522 πρός
442 1440 500 1516 τοὶς
521 1441 676 1527 ῥηθείσας
700 1440 800 1524 μονός
819 1443 944 1526 μοναχῆ
966 1445 1105 1526 ἐγένετο,
1128 1441 1199 1506 ἐπεί
1220 1440 1256 1502 δὲ
1279 1435 1316 1501 τὸ

217 1543 305 1615 τέλος
323 1540 431 1604 αὐτῶν
459 1541 599 1624 ἐγένετο,
624 1539 719 1607 πόλιν
748 1539 889 1627 όπετόγη
918 1545 959 1629 τῇ
977 1543 1104 1606 ἐκείνων
1131 1535 1317 1625 κληρονόμῳ

216 1639 272 1703 καί
298 1640 358 1702 τοῦ
377 1643 470 1721 βίου,
502 1636 585 1717 ὅπως
615 1641 727 1726 δήποτε
755 1643 810 1705 καί
836 1649 906 1717 ταῖς
926 1643 1053 1726 α’ρεταῖς
1082 1634 1238 1722 έπετόγη,
1262 1634 1320 1699 κατ’

216 1739 319 1816 καλῶς
341 1739 470 1822 διήνυσε
493 1739 550 1806 τόν
578 1744 634 1825 τῆς
654 1741 814 1827 όποταγῆς
836 1740 954 1825 δρόμον
976 1744 1073 1824 μέχρι
1091 1735 1249 1803 θανάτου.
1294 1732 1316 1817 ἧ

216 1839 413 1920 Κυπριανοῦ
432 1840 512 1922 λέγω
532 1839 613 1924 γυνη
632 1831 671 1925 ἦν
691 1836 776 1924 αὕτη
797 1842 857 1904 τοῦ
877 1839 1024 1914 ἐλθόντος
1044 1841 1089 1914 εἰς
1108 1841 1368 1905 Kerasous-15

216 1933 365 2025 arsinoite
393 1940 448 2002 καί
474 1936 533 2022 την
560 1942 659 2023 μονην
675 1939 834 2015 κτίσαντος
863 1936 920 2023 τὴν
942 1941 987 2014 εἰς
1010 1932 1109 2017 ὄνομα
1133 1940 1197 2000 ταῖν
1217 1932 1319 2016 ἁγίων

217 2034 352 2112 ἐνδόξων
371 2037 664 2123 μεγαλομαρτόρων
677 2038 862 2121 Θεοδώριον,
885 2039 1159 2120 ἐπονομαζομένην
1178 2038 1235 2099 τοῦ
1245 2038 1320 2098 Κυ-

218 2137 362 2217 πριανοῦ.
413 2139 476 2200 ειόν
496 2140 532 2202 δὲ
562 2139 687 2219 α’σεβαῖν
713 2137 769 2221 την
798 2139 1032 2222 Θεσσαλονίκην
1066 2131 1322 2217 παραλαβόντων

218 2234 392 2308 ἐξελθοῦσα
426 2234 446 2318 ἦ
474 2231 547 2301 όσία
570 2238 703 2316 Θωμαῒς
730 2235 810 2317 μετό
832 2239 890 2321 τῆς
913 2232 1120 2319 ὖποιακτικῆς
1142 2233 1242 2316 αὐτῆς
1263 2232 1322 2315 τῆς

218 2335 414 2417 Κυπριανοό
435 2332 582 2418 γυναικός
602 2337 745 2419 (ἐπῆλθεν
766 2337 812 2411 εἰς
834 2338 987 2420 Λῆμνον,
1009 2334 1062 2399 ἵνα
1083 2337 1203 2398 ἐκεῖθεν
1221 2329 1370 2397 adieras

218 2432 265 2506 εἰς
283 2430 341 2515 την
363 2436 603 2498 Κωνστανιίνου
624 2437 793 2522 ἐπανέλθῃ.
836 2438 870 2499 ἐν
890 2436 925 2499 δέ
946 2438 987 2522 τῇ
1005 2431 1129 2522 Λημνηι
1149 2428 1166 2495 ό
1190 2428 1322 2507 πόππος

218 2554 281 2612 μου
305 2530 466 2614 εδρίσκειο
487 2533 569 2615 μετὰ
591 2536 647 2616 τῆς
667 2532 814 2616 γυναικός
836 2530 938 2598 odiosi
959 2532 1016 2598 καί
1034 2536 1161 2598 τέκνων.
1217 2530 1237 2614 ἦ
1261 2521 1321 2594 ode

219 2631 329 2715 πρώτη
348 2633 410 2694 τῶν
431 2632 535 2695 odiosi
557 2636 741 2716 θυγατέρων
766 2633 880 2698 ἰδοῦσα
902 2633 961 2716 την
989 2628 1082 2697 ὅσιἀν
1102 2634 1158 2695 καί
1179 2627 1237 2712 την
1260 2629 1323 2693 ου’·

219 2731 276 2813 τῆς
297 2727 415 2814 α’ρετὴν
436 2729 492 2795 καί
507 2729 563 2796 τόν
577 2729 675 2827 ,λόγον
696 2734 877 2814 ἐγκατέλιπε
892 2741 993 2816 γονεῖς
1011 2736 1067 2796 καί
1087 2728 1250 2816 ἀδελφοὺς
1265 2731 1324 2794 καί

291 2914 459 2985 ortygas?
547 2912 788 2986 ρῆ-γυνὴλ)
896 2915 1142 2973 ια.πόλινοιιιΡ
1232 2906 1256 2944 ““

222 3102 335 3155 scopus,
353 3084 516 3155 abdiditqus
537 3101 566 3137 so
584 3086 613 3137 in
626 3087 818 3137 monasterium
837 3094 946 3138 sanctae
957 3085 1120 3140 Theodorus
1134 3102 1193 3137 curn
1206 3085 1324 3136 Palaeo-

222 3157 329 3225 logina‚
349 3155 450 3208 semina
467 3158 577 3209 virtutis
595 3166 624 3209 et
640 3158 781 3209 literarum
799 3157 936 3219 studiosa,
957 3158 1033 3208 cuius
1052 3173 1101 3224 ego
1122 3157 1220 3207 multas
1239 3171 1323 3224 saepe

223 3226 318 3279 laudes
338 3244 352 3277 e
371 3226 527 3280 venerando
546 3228 722 3297 imperatore,
739 3228 867 3280 Manuele
886 3228 1013 3290 domino,
1032 3228 1139 3290 audivi,
1159 3236 1188 3278 et
1205 3226 1324 3293 hymnos

223 3315 280 3349 non
302 3314 403 3366 paucos
428 3301 457 3349 in
481 3308 602 3350 sanetum
621 3300 790 3351 Demetrium
810 3308 837 3350 et
861 3309 981 3351 sanctam
1008 3297 1180 3349 Theodoram
1206 3306 1236 3348 et
1253 3297 1324 3348 aiios

223 3375 329 3420 sanctos
343 3368 406 3436 legi.
426 3366 564 3422 habebant
580 3378 671 3421 autem
691 3387 781 3422 secum
794 3378 915 3421 sanctam
926 3385 1035 3439 quoque
1047 3367 1227 3422 Thomaidem
1247 3384 1325 3419 eorn-

224 3455 278 3510 que
297 3438 332 3490 ad
352 3440 459 3490 virtutis
489 3449 517 3492 et
544 3441 685 3492 literarum
712 3440 884 3510 disciplinam
904 3439 1076 3492 erudiebant.
1105 3456 1189 3508 quum
1208 3439 1326 3490 instaret

223 3510 292 3581 ipsis
311 3509 423 3560 vivendi
442 3511 514 3574 finis,
535 3512 624 3563 eidem
641 3528 711 3582 quae
722 3511 864 3563 habebant
882 3512 973 3563 omnia
991 3512 1169 3580 reliquerunt,
1187 3526 1242 3560 una
1262 3527 1323 3561 cum

224 3596 309 3632 uxore
327 3579 472 3649 Cypriani,
499 3597 569 3650 quae
586 3599 708 3653 asperam
729 3584 778 3634 viri
798 3583 838 3633 sui
860 3591 985 3634 naturam
1003 3597 1059 3650 non
1079 3582 1184 3643 serens,
1203 3582 1233 3630 in
1250 3579 1325 3631 iliud

223 3651 348 3722 prosecta
365 3653 567 3715 monasterium,
585 3653 658 3705 inter
675 3652 820 3705 monachas
840 3669 940 3706 nomen
959 3651 1087 3713 dederat,
1106 3660 1251 3721 postquam
1272 3668 1325 3702 au-

224 3732 280 3776 tem
299 3722 364 3772 illae
384 3719 455 3772 diem
475 3721 619 3786 obierunt,
640 3724 869 3793 quemadmodum
888 3724 982 3775 virtuti
1001 3739 1029 3775 se
1052 3723 1182 3784 subiecit,
1203 3722 1242 3772 ita
1260 3722 1326 3772 itta·

225 3812 284 3847 rum
302 3800 360 3845 tum
378 3791 511 3844 bonorum
530 3801 588 3845 turn
608 3796 680 3846 vitae
706 3812 734 3846 se
753 3795 871 3846 subiecit
891 3794 1006 3855 heredi,
1026 3802 1055 3844 et
1072 3792 1152 3844 huius
1173 3791 1325 3844 subiectio·

224 3866 267 3917 nis
286 3880 393 3915 sursum
412 3864 548 3932 praeclara
575 3881 660 3934 usque
680 3865 715 3917 ad
734 3875 847 3917 mortem
866 3865 992 3916 confecit
1014 3865 1112 3915 coniux
1131 3862 1198 3914 haec
1210 3862 1327 3932 Cypria·

225 3937 269 3997 ni,
288 3936 410 4006 inquam,
427 3934 503 3986 iliius
522 3943 595 3995 erat,
613 3938 659 4004 qui
679 3936 786 4006 Cpolirn
805 3936 894 3999 venit,
912 3945 940 3987 et
957 3935 1149 3986 monasterium
1169 3942 1327 3985 sanctorum

225 4014 371 4071 martyrum
388 4005 523 4056 nobilium
535 4004 741 4059 Theodororum
759 4008 927 4065 construxit,
946 4005 1022 4075 quod
1039 4004 1167 4075 Cypriani
1187 4006 1328 4072 cognomi·

226 4085 314 4130 netur.
350 4076 545 4129 Thessalonica
560 4077 595 4127 sb
615 4079 704 4148 impiis
720 4086 862 4146 occupata,
887 4085 978 4129 sancta
989 4076 1118 4127 Thomais
1138 4092 1197 4126 eum
1216 4076 1330 4127 alumna

227 4164 293 4210 sua,
315 4147 443 4218 Cypriani
463 4150 591 4218 coniuge,
611 4148 638 4203 iu
659 4150 788 4204 Lemnum
808 4147 946 4212 discessit,
965 4146 1029 4200 indo
1051 4146 1157 4217 Cpolim
1177 4163 1326 4199 reversura.
