2844 5092
488 586 564 647 ιιιι.
580 586 634 648 ιιι.
666 582 756 650 σιν.
776 590 832 649 ιιι.
1124 559 1206 644 253

116 757 180 824 τρηι
205 732 369 822 Γουλιάνρι
399 730 497 820 tiit»,
527 734 579 799 ἵνα
607 737 749 823 φυλάττῃ
772 738 806 800 ἐν
828 743 893 811 τοῖς
913 738 1026 819 μέρεσι
1043 741 1100 804 τοῦ
1120 743 1207 803 Bov-

118 837 278 909 κολέοντος
303 838 358 899 καί
381 828 458 917 άχρι
487 834 580 918 έγγάς
604 840 662 899 τοῦ
683 838 927 916 Κοντσσκολίου,
951 839 995 922 τῷ
1019 837 1055 902 δέ
1070 836 1207 924 Ἰακώβῳ

117 937 301 1021 Κονταρίνηι
321 935 373 997 ἵνα
394 933 535 1019 φυλάττῃ
558 933 598 998 τά
619 936 701 1017 μέρη
721 936 785 998 τῶν
805 937 920 1015 τειχῶν
939 938 999 999 τοῦ
1019 931 1138 1012 ἔξωθεν
1157 942 1207 1000 λι·

115 1038 209 1115 μένος
229 1034 285 1096 καί
304 1035 363 1107 ἓως
383 1029 476 1115 ε’γγάς
496 1038 557 1097 τῶν
577 1034 793 1114 Ὑιμωμαθίων
815 1034 886 1116 (καί
905 1033 946 1096 ου’
966 1034 1086 1098 άιέλιπε
1105 1043 1208 1099 ποιεῖν
1250 1087 1252 1091 .

88 1131 153 1198 5τά
176 1129 237 1197 ὅσα
260 1130 362 1210 ἔξεστι
383 1127 604 1219 στρατιάταιςς
623 1136 678 1196 καί
698 1131 840 1212 μάλιστα
858 1141 923 1206 τοῖς
943 1127 1111 1218 εάγενέσι),
1126 1137 1206 1198 Μα-

115 1232 214 1315 νουῆλ
238 1235 273 1297 δέ
302 1238 346 1319 τῷ
377 1234 411 1295 ἐκ
431 1236 488 1315 τῆς
510 1234 690 1318 Λιγουρίας
716 1232 886 1318 φυλάττειν
907 1231 945 1298 τά
967 1238 1048 1318 μέρη
1069 1239 1124 1316 τῆς
1144 1237 1205 1300 πά-

114 1337 171 1414 λης
202 1332 255 1430 τῆς
284 1334 452 1415 λεγομένης
478 1335 603 1414 χρυσῆς
632 1329 709 1412 μετά
735 1331 905 1397 διακοσίων
924 1333 1051 1415 α’νάρῶν
1070 1332 1206 1412 τοξόταν

114 1436 219 1496 τεκαὶ
235 1434 487 1511 μπαλαιστριῑν·
531 1426 616 1513 είχον
635 1430 695 1513 γάρ
712 1436 746 1497 ἐν
765 1434 870 1519 ἑκείνηι
891 1437 935 1520 tegi
954 1436 1045 1516 μέρει
1064 1431 1206 1498 ἑλέπολιν

112 1531 268 1609 ἐναντίαν,
289 1532 344 1593 καί
364 1528 466 1612 αάτῆν
485 1528 564 1609 μετά
585 1529 753 1612 βουβάλων
774 1530 830 1596 καί
848 1533 932 1612 βοῶν
953 1535 1054 1612 δορῶν
1075 1530 1204 1598 ἐνδεδυ-

68 1630 220 1712 ιομένην,
240 1627 296 1702 καί
314 1625 353 1692 τά
373 1631 461 1712 τείχη
483 1627 565 1709 μετά
586 1632 738 1712 μηχανῶν
759 1628 902 1695 ἔτυπτον.
925 1627 1048 1719 Παύλῳ
1068 1634 1128 1713 μὲν
1149 1637 1204 1697 καί
1214 1652 1233 1702 B

114 1727 266 1814 Ἀντωνιληι
293 1725 349 1791 καί
372 1732 500 1816 Τρωιληι
529 1737 593 1801 τοῖς
614 1730 826 1812 αιίταάέλιροις
848 1728 1047 1816 ἐμπιστεάθη
1066 1732 1118 1795 ἵνα
1141 1757 1203 1816 φυ-

109 1825 250 1891 λάττωσι
271 1823 305 1891 τὸ
326 1826 549 1910 Μυρίανάρον,
569 1824 647 1891 ὅπου
665 1830 719 1891 καί
750 1831 784 1893 ἐν
805 1826 931 1905 ἐκείνοις
952 1838 1018 1905 τοῖς
1037 1833 1166 1913 μέρεσιν
1183 1830 1202 1913 ἦ

112 1928 203 2002 πόλις
225 1918 263 2009 ῆν
292 1925 503 2008 ἐπικίνδυνος,
533 1930 587 1990 καί
616 1925 727 2002 νυκτὸς
761 1932 816 1991 καί
837 1930 955 2011 ἡμέρας
983 1930 1077 2007 πεζοί
1094 1953 1126 1993 τε
1147 1928 1202 1994 καί

112 2022 243 2089 ἱππόται
273 2029 331 2089 τοῦ
361 2023 501 2108 πλῆθους
530 2031 592 2091 των
625 2023 950 2110 Τοάρκωνέμάχοντο
976 2030 1127 2108 γενναίως
1147 2028 1204 2093 καί

66 2123 275 2208 ι5άνδρείως,
292 2127 352 2189 καί
368 2122 518 2199 πολλάκις
538 2131 592 2189 καί
621 2123 660 2190 τά
684 2130 772 2209 τείχη
800 2122 1000 2208 χαλάσαντες
1019 2128 1075 2190 καί
1092 2131 1202 2192 θέλον·

109 2248 161 2299 τες
182 2227 336 2289 εἰσελθεῖν
356 2227 459 2298 κακῶς
474 2225 735 2309 α’πεάιάχθησαν,
753 2224 809 2290 καί
820 2224 917 2312 (μόνον
938 2227 985 2301 εἰς
1005 2220 1125 2302 αὖτούς
1145 2212 1202 2291 οὐκ

110 2317 214 2406 άλίγον
233 2326 370 2402 ἐποίουν,
390 2327 446 2386 καί
466 2323 563 2407 μέρος
584 2327 643 2404 μὲν
662 2326 725 2387 τῶν
743 2322 902 2404 κλιμάκων
919 2326 1023 2389 ου’τάν
1044 2322 1107 2390 ἔσω
1126 2322 1201 2391 ἔσυ·

108 2520 232 2605 μνῆμης
253 2523 383 2585 αἰωνίου
405 2517 548 2604 ὑπῆρχον
573 2514 655 2598 άξισ.
697 2525 838 2609 θεοφιλιρ
859 2524 893 2585 δὲ
918 2524 960 2608 τῆν
976 2522 1199 2611 Παλαιολόγηι,

61 2620 202 2701 τοάνάρί
220 2623 359 2708 ἐμπείρῳ
385 2616 487 2705 πάσης
506 2624 726 2704 γραμματικῆς
746 2618 961 2703 πραγματείας
983 2621 1039 2683 καί
1058 2624 1113 2704 τῆς
1130 2621 1199 2686 Ἔλ-

109 2714 233 2802 ληνικῆς
252 2723 397 2796 παιδείας
415 2721 471 2784 καί
484 2722 714 2802 μαθηματικῆς
728 2721 774 2793 εἰς
794 2711 891 2802 άκρον
912 2721 1108 2806 γευσαμένῳ,
1130 2722 1198 2785 ἕνε-

109 2817 263 2901 πιστεάθη
288 2815 455 2904 φυλάττειν
486 2817 567 2883 κατά
589 2818 626 2882 τά
646 2819 727 2901 μέρη
758 2821 813 2900 τῆς
832 2815 933 2902 πάλης
953 2819 1008 2900 τῆς
1031 2821 1199 2902 λεγομένης
1243 2838 1248 2843 ’

110 2917 296 3002 Σηλυβράις.
339 2923 383 3005 tegi
407 2921 443 2983 δὲ
464 2914 589 3005 Ἰωάννη
614 2920 658 3005 τῷ
678 2918 890 3004 Ἰουστινιανηλ
911 2919 955 3006 τῷ
977 2916 1079 2981 αὑτοῦ
1099 2942 1198 3000 στρα·

179 3096 202 3145 3.
219 3092 285 3166 τοῦ]
306 3095 362 3151 τῶν
380 3095 399 3146 Ρ
468 3094 493 3147 8.
511 3079 674 3148 παλαιστῶν
695 3094 713 3144 Ρ
779 3109 816 3144 ιι.
836 3092 1017 3159 ἐνεπιστεάθη
1036 3091 1131 3154 αὐτοῖς
1146 3097 1197 3148 τοῦ

178 3167 328 3236 ηυλάττειν
346 3167 365 3217 Ρ
475 3181 512 3218 ιτ.
529 3171 576 3218 καὶ
596 3175 623 3216 ct
647 3174 705 3223 τοις
722 3168 821 3234 μέρεσι
838 3181 881 3214 om
900 3165 918 3215 P
1008 3169 1045 3234 ιη.
1063 3167 1159 3226 ἱππεῖς
1175 3167 1194 3218 Ρ

181 3240 221 3290 ιὸ.
241 3234 375 3306 συχνάκις
392 3235 411 3288 Ρ
502 3239 541 3290 ¹6.
564 3233 804 3308 άπεκρούσθησαν
824 3236 843 3286 Ρ

107 3399 226 3450 coieonie
244 3415 329 3468 prope
347 3397 383 3450 ad
401 3397 599 3451 Contoecelium
608 3414 703 3467 neque
729 3395 831 3449 tuende
849 3395 910 3447 data
931 3402 981 3450 eet.
1004 3395 1103 3447 Iacobo
1122 3394 1194 3448 Con·
1267 3447 1270 3451 ,

107 3471 193 3520 tarino
212 3471 281 3521 muri
308 3470 448 3534 exterioris
468 3479 561 3536 portus
583 3485 668 3537 neque
696 3467 732 3518 ad
753 3466 946 3536 liypeomethie
973 3467 1106 3518 commieei
1131 3471 1193 3536 (nec

105 3539 127 3590 ie
147 3541 271 3608 neglexit
288 3540 385 3603 fucere,
404 3538 538 3613 quidquid
550 3539 658 3599 milites,
672 3548 796 3590 strenuos
808 3539 973 3606 praesertim,
993 3536 1082 3589 iacere
1093 3536 1191 3622 decet).

105 3610 226 3662 Manueli
247 3612 338 3679 Liguri
352 3619 429 3680 porta
451 3627 532 3662 auree
550 3626 620 3679 quae
640 3609 737 3660 dicitur
760 3626 820 3659 cum
839 3608 982 3676 sagittariis
1000 3617 1028 3659 et
1047 3607 1193 3660 funditore·

105 3678 155 3732 bue
175 3680 300 3734 ducentis
326 3680 503 3734 custodienda
529 3680 629 3732 tradita
657 3688 706 3730 eet
734 3680 877 3730 eratenim
896 3678 959 3730 huic
978 3680 1048 3748 parti
1066 3681 1192 3748 oppoeite

105 3749 248 3821 helepolis,
270 3761 297 3803 et
316 3753 370 3820 ipen
390 3752 551 3802 bubulorum
571 3751 707 3818 boumque
720 3748 839 3818 pellibus
858 3751 969 3811 indutu,
987 3766 1018 3800 nc
1034 3750 1103 3801 muri
1123 3768 1192 3820 qua.

104 3822 243 3874 tiebontnr
260 3821 401 3873 machinis.
443 3823 558 3883 Paulue,
577 3821 708 3872 Antoniue
736 3829 764 3871 et
788 3820 915 3882 Troilus,
945 3818 1039 3871 frotree
1058 3822 1191 3888 germani,

104 3892 259 3959 Myriandm
281 3894 411 3963 praetecti
425 3902 496 3955 eunt,
517 3894 644 3962 quioniam
663 3891 701 3942 ibi
714 3907 825 3960 quoque
843 3889 906 3941 urbe
927 3891 1032 3958 grauius
1050 3890 1192 3943 laborabat

103 3971 130 4013 et
148 3963 193 4014 die
214 3973 351 4033 noctuque
367 3964 401 4014 de
419 3964 566 4014 ancarum
587 3962 705 4014 exercitu
726 3959 832 4030 peditee
852 3968 880 4011 et
908 3963 1014 4031 equitet
1032 3970 1140 4013 strenue
1160 3978 1192 4013 ec

103 4031 210 4084 sortiter
230 4033 403 4103 pugnabunt,
429 4033 553 4103 adeoque
581 4050 669 4102 saepe,
697 4030 840 4083 moenibue
867 4032 1021 4093 concussis,
1048 4033 1076 4083 in
1097 4031 1191 4082 urbem

101 4112 243 4171 penetrare
264 4102 437 4156 nitebuntur:
458 4120 526 4173 quoe
544 4114 634 4156 temen
651 4103 722 4155 male
734 4102 899 4171 excipientes
917 4102 1015 4164 nostri,
1034 4101 1143 4153 caedem
1164 4103 1192 4154 in

102 4189 222 4226 coenon
241 4175 403 4226 mediocrem
424 4173 543 4226 edebant
572 4183 600 4225 et
621 4174 707 4225 scalae
726 4191 818 4225 eorum
833 4172 929 4241 partim
946 4175 1017 4224 intro
1038 4171 1192 4235 trahebant,
1257 4226 1259 4228 ,

101 4245 197 4312 partim
214 4244 425 4312 tliffratugebent:
448 4253 640 4314 mouenturque
669 4245 763 4295 horum
795 4244 914 4294 virorum
939 4243 1084 4294 certamina
1103 4249 1131 4293 et
1150 4259 1191 4295 ree

101 4326 190 4382 gestae
208 4325 345 4367 oeternum
364 4314 437 4385 apud
455 4324 576 4383 posterae
595 4317 757 4366 memorium.
776 4313 932 4382 Theophila
951 4311 1120 4381 Petaeotogo,
1139 4312 1191 4362 ho-

99 4386 166 4436 mini
185 4388 321 4438 iiternrum
341 4396 369 4439 et
386 4387 472 4437 omnic
493 4385 610 4436 Graecae
629 4385 790 4437 eruditionis
815 4393 843 4435 et
860 4382 1064 4435 mathematicae
1082 4384 1191 4451 peritio-

100 4457 181 4521 timo,
202 4458 325 4510 custodia
343 4474 428 4527 prope
447 4464 560 4526 portem,
580 4473 649 4525 quae
668 4456 792 4524 Selybria
811 4454 921 4516 dicitur,
940 4452 1039 4506 tradite
1059 4462 1107 4507 eet.
1146 4455 1189 4507 Io·
