2746 5084
411 582 487 645 eru.
508 583 562 646 ιν.
591 564 803 661 ceu'xvu.
1068 541 1157 665 403

59 733 249 817 διύρχιοντοιι
263 729 344 814 μετοὶ
365 736 591 816 πραγματειῶν
612 733 720 798 αὐτῶν
740 728 764 817 ἢ
784 731 847 799 dno
868 732 991 814 δύσεως
1012 739 1058 815 τίς
1078 739 1158 802 α’να.

59 832 154 916 τολην
176 829 196 915 ἢ
215 831 278 897 α’πύ
302 832 455 915 ἀνατολῆς
483 834 528 906 εἷς
550 829 641 897 δύσιν
665 827 685 917 ἢ
706 832 769 897 α’πό
791 839 911 917 μέρους
934 841 987 922 τῆς
1009 841 1159 921 Ζαγοροῖς

60 931 301 1014 διαβιβάζοντος
332 933 398 1010 ζῶα
426 927 448 1014 ἢ
468 923 545 994 ἄλλο
568 956 619 1011 τι,
639 929 702 997 εἴτε
723 935 769 1008 εἰς
787 936 845 1016 την
867 935 1050 1014 Σισζύπολιν
1070 931 1091 1021 ἢ
1112 938 1159 1010 εἷς

7 1113 9 1116 Ι
58 1029 117 1115 τὴν
134 1032 345 1115 Ἀγαθύπολιν
365 1026 388 1116 ἢ
409 1031 454 1106 εἰς
474 1028 534 1112 τὴν
545 1031 680 1113 Μηδίαν
699 1029 755 1096 καί
771 1031 829 1107 τὰς
844 1032 956 1110 λοιπάς
973 1035 1084 1118 χώρας
1102 1038 1158 1117 τῆς

28 1133 223 1214 ὄβασιλείας
245 1155 318 1212 μου,
342 1129 498 1216 ὀφείλωσι
518 1132 742 1215 διατηρεϊαθαι
762 1129 966 1216 ἀνενύχλητοι
987 1135 1043 1197 καί
1062 1133 1156 1197 αἰλού-

56 1253 178 1296 σειστοι
211 1232 373 1306 παντελῶς
405 1228 470 1293 α’πό
500 1252 535 1293 τε
569 1233 625 1314 τῆς
659 1227 860 1315 ἀπαιτήσεως
884 1233 940 1296 τοῦ
967 1237 1156 1318 κομερκιόιι,

57 1333 117 1394 τού
138 1332 328 1412 διαβατιιιοὸ
351 1328 406 1394 καί
423 1331 481 1392 τοῦ
499 1333 703 1413 ποριατινοῦ,
725 1328 813 1412 παρύ
837 1355 871 1395 τε
892 1335 954 1396 τῶν
974 1331 1054 1397 κατὰ
1085 1357 1158 1396 και-

58 1427 138 1514 ρούς
174 1429 407 1511 εὑρισκομένων
441 1429 487 1503 εἰς
533 1428 676 1513 κεφαλὴν
708 1433 772 1495 τιόν
807 1434 980 1514 εἰρημένων
1013 1429 1158 1516 ια’στριον

58 1531 116 1593 καί
142 1527 229 1610 παρὰ
261 1533 324 1592 τιὸν
354 1530 456 1592 ἐκεῖσε
489 1523 527 1592 τύ
560 1527 696 1610 δημόσια
725 1527 982 1613 διενεργούντιον,
1018 1532 1072 1618 ἐφ’
1105 1524 1157 1607 αἷς

5 1627 99 1713 rocip'
132 1632 246 1693 ποιῶσι
284 1629 515 1712 πραγματείαις
542 1629 577 1691 ἐν
614 1623 732 1713 ἑτέροις
761 1629 869 1705 τόποις
905 1632 964 1715 της
991 1630 1158 1714 βασιλείας

56 1752 123 1811 μου
152 1728 381 1810 γεννηματικοίς
410 1750 443 1790 τε
475 1730 532 1791 xus*
564 1725 695 1810 λοιπάς,
731 1727 792 1794 εἴτε
813 1728 892 1794 κατὰ
917 1729 1075 1814 α’ναιολὴν
1094 1730 1158 1795 εἴτε

57 1826 139 1892 κατὰ
172 1827 286 1909 (λύσιν,
316 1825 379 1891 εἴτε
417 1829 452 1892 ἐν
478 1827 587 1909 νήσοις
618 1825 682 1892 εἴτε
713 1829 778 1893 κατ’
808 1823 958 1914 ἤπειρον,
984 1827 1019 1896 ἔν
1045 1853 1079 1895 τε
1100 1828 1159 1894 κύ-

58 1949 168 2009 στροις
187 1926 244 1990 καί
257 1925 469 2011 πανηγύρεσιν
490 1925 552 1992 εἴτε
575 1928 609 1991 ἐν
628 1918 736 2002 ἄλλοις
754 1926 870 2003 τόποις.
912 1925 960 1994 ἔτι
983 1931 1019 1994 δὲ
1039 1930 1096 1995 καί
1113 1931 1160 2006 εἰς

57 2025 118 2099 τὰς
139 2028 196 2108 τῆς
215 2024 462 2110 Πελοποννήσου
486 2023 614 2103 ἁπάσας
634 2023 747 2112 χώρας
773 2031 830 2092 καί
847 2029 968 2111 κοξστρα
988 2034 1044 2114 τῆς
1065 2035 1160 2112 βασι-

4 2126 148 2198 ιόλείας
161 2147 225 2205 μου
256 2126 489 2207 γινωσκομένας
520 2123 713 2210 πανηγύρεις
741 2128 908 2212 ὀφειλουσι
937 2130 1202 2212 ιλιατηρεῖοθαιρο

58 2228 121 2305 μὲν
141 2227 197 2306 καί
225 2222 288 2287 ἀπὸ
310 2227 373 2289 τιόν
393 2226 577 2310 κεφαλαίων
604 2227 733 2291 πάντων
752 2226 914 2311 ἀνώτεροι,
935 2229 1162 2314 ὃιατηρεῖοθαι

60 2326 98 2388 δὲ
126 2322 182 2388 καί
210 2329 371 2409 παντελοῦς
404 2312 610 2407 ἄνενόχλητοι
630 2324 687 2388 καί
712 2322 811 2410 χάριν
831 2325 950 2402 δόσεως
971 2332 1161 2410 κομερκίοο,

58 2425 143 2506 μηδὲ
173 2422 276 2488 ἕνεκεν
306 2425 495 2508 ποριατικού
524 2425 665 2500 διδόντες
685 2421 719 2489 τύ
741 2424 848 2507 τυχόν.
899 2421 976 2492 ὅθεν
995 2424 1162 2510 ὄφειλονσι

61 2526 224 2607 διατηρεῖν
255 2519 375 2599 αύτούς
406 2526 453 2599 εἰς
479 2520 542 2606 γῆν
573 2523 724 2608 τοιαύτην
746 2521 952 2608 α’νενύχλησιν
973 2526 1030 2589 καί
1047 2526 1161 2609 isper-

3 2646 49 2692 eo
61 2624 171 2687 δευσιν
194 2619 225 2687 οἱ
245 2621 291 2699 εἴς
311 2646 346 2687 τε
366 2620 401 2689 τύ
423 2625 589 2708 κομέριιιον
609 2625 665 2707 τῆς
683 2620 939 2705 θεομεγαλύντοο
956 2627 1160 2690 Κωνστανιι.

60 2721 238 2798 νοοπύλεοος
259 2721 315 2788 καί
333 2720 363 2789 οἷ
384 2727 431 2799 εἰς
446 2719 504 2799 τας
522 2716 622 2800 οἷλλας
642 2724 747 2798 πάσας
767 2721 887 2800 σκάλας
901 2725 957 2788 καί
975 2721 1085 2807 χώρας
1104 2727 1163 2789 καί

58 2819 186 2904 κύστρα
214 2826 271 2906 τῆς
303 2824 469 2907 βασιλείας
496 2846 561 2905 μον
593 2819 870 2905 ἐνοχοποιούμενοι
901 2822 988 2910 ιιατά1
1011 2822 1160 2908 καιρούς,

59 2919 144 2986 ἀλλὰ
168 2920 207 3006 δη
229 2925 287 2987 καί
308 2923 422 2999 πάντες
445 2918 516 2989 ὅσοι
539 2924 733 3006 ἐπικρατοῐοι
760 2920 908 3007 κτήματα
927 2917 949 3008 ἢ
970 2921 1160 3007 ζεογαλύτια

59 3013 82 3105 ἢ
103 3020 225 3103 ιιοίστρα
255 3013 393 3111 ὅρισμηῖ-
407 3024 464 3106 τῆς
492 3021 657 3107 βασιλείας
677 3044 762 3104 μου,
782 3019 844 3087 εἴτε
861 3024 917 3108 τῆς
939 3023 1158 3107 περιποθήτου

6 3119 118 3204 obscur
139 3121 331 3207 Αύγούστης
353 3123 432 3188 εἰσίν
452 3113 553 3205 οὗτοι,
575 3120 640 3188 εἴτε
667 3125 727 3187 τοῦ
749 3117 989 3207 ἐρασμιατοὶτοο
1008 3146 1064 3205 μοι
1083 3117 1160 3186 οἱοῦ

131 3281 158 3333 8.
177 3278 326 3336 ἄστεωνΡ
415 3299 441 3351 9.
460 3285 509 3335 καὶ
532 3281 601 3337 ert>
700 3298 740 3333 ro.
758 3274 860 3344 λοιπᾶς
872 3280 1017 3354 χιύριτς,Ρ
1119 3280 1157 3349 ιη.

132 3351 240 3423 ιιιίστρη
260 3351 279 3403 Ρ
368 3352 411 3405 ο3.
427 3355 606 3424 ζεογαλατιῑα
626 3349 642 3418 ἢ
662 3351 769 3422 ιιάοιρη
789 3354 809 3405 Ρ

59 3503 125 3540 vero
146 3486 293 3540 eorundem
310 3504 427 3553 merces,
445 3489 503 3542 sive
523 3488 652 3541 animalia
671 3490 729 3541 sive
752 3486 827 3540 aliud
850 3485 936 3558 quid,
955 3492 1006 3538 eut
1033 3500 1067 3537 ex
1084 3486 1159 3537 occi·

59 3556 145 3610 dente
162 3559 192 3611 in
212 3561 358 3624 orientem,
379 3569 427 3612 eut
445 3577 479 3613 ex
498 3562 605 3613 oriente
633 3561 664 3612 in
682 3558 860 3622 occidentem,
888 3564 937 3609 aut
954 3572 969 3609 e
988 3555 1090 3608 finibus
1107 3558 1158 3608 Ze-

58 3644 142 3697 gorse
160 3629 327 3695 evehuntur,
345 3633 402 3684 sive
421 3630 589 3702 Sozopolins,
609 3632 665 3682 sive
685 3630 876 3700 Agathopolim
901 3629 958 3680 sive
986 3628 1016 3680 in
1035 3626 1158 3681 Mediam

59 3710 89 3752 et
113 3700 219 3772 reliqua
240 3702 300 3753 locs
319 3703 425 3774 imperii
450 3703 555 3767 nostri,
572 3701 643 3762 nibil
662 3703 773 3755 omnino
800 3707 933 3753 vexentor
954 3698 1087 3768 exigendo
1106 3698 1158 3752 tri·

57 3769 147 3833 buto,
174 3773 301 3842 vectigali
329 3774 373 3826 vei
394 3775 531 3843 portorio,
556 3774 598 3837 ,ab
626 3773 679 3835 iis,
704 3774 752 3843 qui
786 3774 881 3823 cestris
911 3769 968 3822 iilis
992 3770 1036 3823 vel
1061 3772 1157 3823 civita·

58 3841 134 3894 tibus
150 3853 298 3912 praesunt,
323 3845 352 3897 in
369 3845 486 3913 negotiis
511 3844 735 3916 quibuscunque,
756 3859 826 3913 quae
851 3843 880 3894 in
905 3843 965 3893 aliis
982 3842 1049 3895 locis
1068 3843 1156 3911 impe·

57 3913 93 3964 rii
112 3915 200 3967 nostri
226 3915 346 3981 faciunt,
368 3917 474 3969 sivein
503 3917 610 3969 oriente
637 3916 693 3967 sive
710 3916 740 3968 in
757 3913 914 3978 occidente,
933 3914 989 3965 sive
1007 3914 1037 3965 in
1055 3912 1155 3964 insulis

56 3985 116 4035 sive
134 3985 162 4036 in
189 3988 358 4049 continenti,
376 3988 406 4039 in
431 3989 539 4051 cestris,
557 3985 721 4039 mercatibus
749 3992 777 4038 et
797 3986 907 4055 reliquis
926 3985 1003 4036 locis.
1040 3985 1106 4035 item
1123 3983 1153 4034 in

55 4054 233 4118 mercatibus,
242 4058 291 4127 qui
301 4057 330 4109 in
341 4058 522 4128 Peloponnesi
534 4059 643 4128 oppidis
655 4065 685 4109 et
697 4057 789 4109 castris
799 4057 912 4127 imperio
921 4064 1013 4108 nostro
1024 4053 1154 4106 subiectis

55 4124 205 4191 habentur,
217 4129 326 4180 eosdem
338 4129 440 4181 liberos
454 4147 512 4182 esse
526 4131 590 4182 volo
609 4129 683 4182 omni
694 4128 789 4181 tributi
804 4143 912 4197 genere,
932 4143 984 4179 nec
996 4125 1053 4177 ullu
1067 4123 1155 4176 recti-

55 4197 126 4265 gslis
142 4199 186 4249 vel
202 4199 317 4269 portorii
336 4201 478 4252 exactione
493 4202 593 4253 vexari.
612 4216 697 4272 quere
707 4206 847 4269 praestent
857 4200 889 4250 iis
907 4213 958 4249 nec
972 4203 1086 4248 esseest
1103 4192 1153 4246 has

56 4269 244 4322 immunitates
256 4277 315 4323 tum
326 4271 374 4341 qui
384 4271 463 4340 Cpoli
474 4271 638 4324 tributorum
648 4272 793 4334 exactioni,
803 4278 861 4322 turn
874 4269 922 4339 qui
941 4266 1003 4318 eliis
1019 4263 1154 4335 portibus,

56 4338 127 4390 locis
137 4349 165 4391 et
176 4342 271 4393 cestris
284 4343 392 4411 imperii
405 4342 492 4394 nostri
504 4343 634 4411 praefecti
647 4351 723 4406 sunt,
735 4357 786 4392 nec
797 4357 859 4392 vero
874 4339 1031 4408 quicunque
1044 4334 1152 4398 fundos,

55 4409 171 4479 praedis
187 4412 232 4464 vei
250 4421 335 4464 castre
348 4412 419 4465 intre
432 4412 501 4465 fines
516 4414 622 4482 imperii
635 4414 720 4466 nostri
739 4413 791 4463 sits
804 4410 917 4472 habent,
931 4408 988 4459 sive
1004 4406 1152 4459 maiestatis

55 4489 167 4535 nostras
177 4521 186 4548 ,
203 4484 259 4540 sive
277 4483 328 4537 tilii
345 4484 432 4537 nostri
449 4483 630 4548 dilectissimi,
646 4485 703 4540 sire
721 4490 897 4553 cognatorum
915 4477 995 4534 nobis
1016 4477 1059 4535 sel
1078 4477 1151 4531 elio·
