2782 5100
228 244 309 348 ill
527 264 701 328 osonou
737 266 980 332 airammum

222 419 403 506 θερμότητα
419 419 473 500 τής
493 419 600 497 ψυχῆς
613 420 669 481 καί
684 416 739 501 τήν
752 422 916 483 συντονίαν
935 423 991 501 τῆς
1013 416 1170 502 δεήσεως,
1184 424 1259 485 καθ’
1284 445 1321 502 ην

223 524 279 586 καί
300 519 489 585 σιωπώντων
503 512 612 579 άκοάει
632 513 767 593 iuste?
790 509 880 599 ήοάν
897 517 972 598 άγία
990 521 1071 601 μήτε
1087 544 1118 582 τι
1134 524 1322 601 προλαμβά-

222 645 322 687 νουσα
342 610 693 703 τροφίμουήποσιμου,
713 619 792 701 μήτε
814 615 971 696 ὁμιλοῦσα
989 617 1026 682 τὸ
1046 616 1144 699 τυχὸν
1166 615 1242 683 ἄνευ
1262 621 1324 682 τοῦ

224 725 299 784 καθ’
318 716 439 801 ἡμέραν
471 718 645 797 ἐρχομένου
677 713 788 796 ἱερέως
817 718 862 790 εἰς
891 713 925 780 τὸ
944 717 1199 799 μεταλαμβάνειν
1221 716 1324 800 οιάτήν

225 824 289 884 τῶν
308 815 406 881 θείων
423 817 626 896 μυστηρίων,
648 814 717 878 τότε
739 817 794 880 καί
812 815 872 890 τάς
895 826 1009 899 χεῖρας
1028 816 1084 880 καί
1102 816 1177 892 τούς
1196 816 1352 902 ipsas-5

223 916 306 1001 μούς
326 917 372 991 εἰς
392 912 446 979 τὸν
477 910 615 996 οιῗρανὸν
639 911 775 996 αἴρουσα
799 914 854 978 καί
880 915 1082 1000 συγχώρησιν
1110 919 1246 981 αἰτοῦσα
1265 922 1325 979 λσ-

224 1024 294 1100 βεῖν
311 1010 445 1097 ὕστερον
465 1010 711 1093 μετελάμβανεν.
755 1013 835 1077 άλλά
857 1012 912 1077 καί
932 1018 989 1078 τοτ’
999 1017 1156 1094 βασιλέως
1179 1013 1239 1097 κάρ
1259 1017 1326 1080 Ἰω-

226 1115 324 1180 άννου
345 1112 401 1177 καί
419 1114 481 1175 τῶν
504 1114 678 1175 ὁέσποινυῖν
694 1111 749 1176 καί
769 1105 874 1204 ἄλλων
887 1118 1010 1177 πολλῶν
1025 1110 1174 1190 πολλάκις
1188 1136 1329 1197 προσερ-

225 1218 370 1299 χομένων
401 1211 498 1297 αὐτῇ,
522 1208 603 1274 α’λλά
636 1210 674 1292 δή
699 1214 754 1274 καί
774 1212 843 1277 τότε
868 1211 921 1275 διά
944 1215 1125 1277 τελευταίαν
1147 1211 1246 1297 εὐχήν
1268 1207 1328 1295 άρ-

227 1311 348 1397 χόντων
369 1314 426 1374 κατ’
447 1304 730 1390 άρχοντισσαῖνκαί
749 1313 899 1395 ἐγκρίτων
921 1310 1137 1394 ὶερομονάχων
1152 1317 1207 1376 καί
1225 1335 1328 1392 μονα.
1342 1338 1385 1379 a:

227 1416 307 1495 χῶν,
329 1412 457 1475 ἀνένευε
473 1410 530 1472 κατ’
551 1411 753 1494 συγχώρησιν
774 1414 828 1474 καί
848 1409 948 1496 εάχήν
968 1411 1126 1494 ἐχορήγει.
1150 1415 1206 1476 καί
1227 1408 1331 1489 οὕτως

199 1514 425 1593 Βέιαρκέσασα
451 1507 572 1592 ήμέρας
593 1505 674 1572 ἑπτά
696 1507 775 1595 πρὸς
796 1510 906 1593 κάριον
926 1498 1115 1595 ἐξεδήμησε,
1143 1514 1197 1576 καί
1225 1511 1330 1596 ἐτάφη

228 1607 403 1697 φιλοτίμως
423 1604 667 1692 συνδραμόντων
687 1607 804 1690 σχειλόν
825 1611 952 1673 πάντων
979 1611 1043 1674 τοῖν
1070 1609 1182 1693 ἱερέων
1201 1609 1331 1695 ἱερομο·

228 1711 352 1792 νάχων,
373 1711 493 1792 κλητῶν
514 1705 568 1770 καί
588 1705 739 1792 άκλήτων,
763 1705 927 1792 άρχόντων
939 1708 995 1774 καί
1007 1708 1233 1796 α’ρχοντισσῶν.
1276 1710 1335 1774 καί

229 1811 332 1873 ταῦτα
345 1810 404 1888 μὲν
425 1804 464 1890 ἐή
488 1802 588 1882 οὕτως
608 1804 741 1889 ἔχεικαὶ
762 1809 904 1891 άληθῶς.
1343 1841 1355 1880 1

313 1907 342 1972 6.
385 1909 547 1985 Κειμένου
568 1929 631 1987 μου
654 1899 711 1969 osis
722 1910 759 1974 ἐν
779 1910 818 1994 τῇ
841 1910 970 1994 φρουρᾷ
989 1906 1333 1993 ήμέρυςτεσσοιράκον·

229 2029 287 2086 τοι,
310 2006 354 2081 ὥς
375 1997 473 2088 ήλθεν
493 2004 511 2087 ή
534 1999 628 2089 ἑορτή
651 2007 704 2088 τῆς
726 2004 851 2090 μνήμης
869 2010 925 2070 τοῦ
940 2012 1160 2089 ἐλευθερωτοῦ
1172 2011 1237 2072 τῶν
1258 2010 1333 2092 αι’χ-

228 2107 385 2188 μαλώτων
407 2101 499 2187 άγίου
526 2103 810 2190 μεγαλομάρτυρος
831 2109 862 2171 Γ
861 2110 1018 2190 εωργίου,
1047 2104 1183 2193 ἐδεήθην
1213 2111 1331 2189 τοῦδε,

230 2204 274 2280 ὥς
295 2200 380 2287 κάγώ
390 2205 421 2268 Γ
419 2201 547 2287 εάργιος
561 2206 615 2269 καί
634 2202 804 2269 παιδιόθεν
825 2207 937 2279 δοῦλος
959 2199 1070 2287 αὐτοῦ,
1093 2206 1145 2270 ἵνα
1166 2205 1333 2292 λυτράση·

229 2309 289 2370 ταί
303 2328 345 2386 με
374 2309 436 2369 ταῖν
466 2306 577 2368 δεινῶν
609 2304 666 2368 καί
686 2305 829 2384 δεσμῶν·
879 2308 935 2369 καί
963 2305 1216 2390 ἅφυπνιασθείς,
1241 2305 1385 2387 troes:

229 2428 285 2487 μοι
308 2403 485 2489 εὑρεθῆναί
501 2426 543 2485 με
572 2404 617 2480 εἷς
639 2401 676 2467 ui
698 2404 883 2483 περικαλλὲς
907 2401 995 2487 ἅγιον
1016 2408 1140 2486 τέμενος
1161 2405 1267 2470 ου’τοῦ
1293 2405 1330 2472 τὸ

300 2612 325 2648 2.
345 2594 629 2669 προσλαμβάνουσαλ
717 2599 743 2651 6.
762 2598 858 2666 λαβεῖν
876 2592 996 2666 ὕστερον
1014 2613 1057 2648 om
1076 2597 1105 2648 M
1211 2615 1249 2650 ιι.
1270 2599 1330 2654 tre·

300 2681 364 2723 reus
378 2667 403 2716 P.
422 2685 456 2718 an
477 2666 606 2720 ἐπένευελ
705 2670 744 2720 15.
764 2667 841 2737 εἶχον
863 2660 896 2732 δή
922 2672 972 2720 καὶ
998 2665 1117 2734 άληθῶς.
1154 2663 1223 2736 αὕτη
1251 2672 1283 2725 δὲ
1299 2664 1331 2725 τὸ

300 2737 441 2809 πρότερον
460 2737 596 2807 Θεοδώρα
615 2737 721 2808 ἐλέγετο
740 2737 759 2788 Ρ

230 2939 266 2975 ne
291 2924 497 2975 contentionem
522 2924 596 2975 vocis
621 2931 650 2975 et
669 2922 868 2975 vehementiam
899 2924 1024 2987 noveris,
1049 2929 1103 2996 (res
1131 2926 1204 2976 enim
1228 2927 1334 2979 sanctis

230 2995 359 3047 indecora
378 2996 478 3045 clamor
495 2995 546 3064 est)
564 2992 612 3045 sed
633 2996 811 3048 attentionem
825 2997 923 3046 mentis
941 3005 970 3047 et
988 2996 1120 3047 fervorem
1138 2998 1222 3047 animi
1241 3007 1272 3049 et
1290 3015 1378 3049 ιον

231 3065 325 3119 dorem
341 3067 521 3135 precationis,
543 3065 643 3134 quibus
664 3066 702 3128 fit,
725 3074 757 3117 ut
777 3066 858 3116 etiam
876 3073 997 3117 tacentes
1015 3066 1082 3117 deus
1097 3065 1215 3118 audiat.'’
1237 3076 1368 3120 sancta,

230 3138 315 3205 igitur
337 3154 388 3189 nec
412 3137 503 3188 cibum
531 3153 581 3187 neo
613 3145 707 3206 potum
738 3135 876 3201 sumebat,
908 3153 960 3187 nec
986 3137 1156 3208 loquebatur,
1178 3139 1378 3209 quidquam-

230 3209 283 3259 nisi
305 3224 365 3258 oum
384 3208 539 3268 sacerdote,
559 3208 604 3276 qui
633 3206 669 3257 ad
689 3225 749 3259 eum
770 3207 868 3258 divinis
881 3208 1014 3274 mysteriis
1029 3209 1237 3277 impertiendam
1259 3228 1381 3280 quor

231 3278 300 3330 tidie
321 3279 488 3342 ventilabam
508 3287 565 3330 tum
592 3295 686 3329 manus
712 3287 741 3329 et
761 3278 854 3329 oculos
882 3279 910 3329 in
936 3278 1041 3330 coelum
1068 3279 1198 3330 attollens
1226 3287 1256 3332 et
1284 3298 1377 3332 ιιι-κ

232 3350 305 3399 niam
317 3347 423 3400 delictis
445 3350 500 3400 suis
519 3359 623 3417 petens,
645 3348 730 3400 divini
751 3349 873 3415 mysterii
892 3349 1027 3418 particeps
1048 3349 1138 3400 fiebat.
1158 3352 1226 3419 quin
1249 3355 1381 3405 etiarn

233 3420 391 3488 imperatori
418 3420 532 3472 Iohanni
563 3429 592 3471 et
609 3420 753 3489 despoenis
783 3421 899 3489 aliisque
924 3419 1017 3472 multis
1036 3422 1196 3489 frequenter
1214 3437 1244 3473 se
1259 3424 1381 3475 invi-2

233 3488 370 3549 sentibus,
388 3497 416 3540 et
434 3491 480 3558 qui
502 3500 558 3542 tum
576 3500 688 3560 propter
706 3490 814 3542 ultimus
843 3492 902 3541 eius
920 3506 1014 3558 preces
1033 3507 1091 3542 eam
1111 3491 1250 3554 visebant,
1270 3496 1384 3546 viri!

233 3571 262 3614 et
275 3559 384 3611 feminis
401 3560 561 3622 illustribus,
580 3571 607 3612 et
620 3562 742 3629 probatis
755 3560 972 3612 hieromonachis
985 3570 1013 3612 et
1033 3561 1172 3613 monachis
1191 3563 1385 3617 abnuebat:

233 3629 360 3684 adeunde
381 3631 485 3699 copiam
495 3648 644 3701 precesque
655 3628 796 3683 fundebat.
810 3634 848 3683 ita
866 3649 949 3701 quum
964 3633 1076 3684 vixisset
1093 3631 1150 3685 dies
1165 3650 1193 3685 se
1216 3643 1282 3700 tem,
1302 3624 1385 3687 ar,

233 3703 375 3756 domiuum
395 3701 481 3764 abiit,
501 3712 530 3752 el
546 3704 653 3770 sepulta
673 3712 713 3754 est
730 3702 889 3764 honorifice,
908 3703 1034 3754 omnibus
1055 3720 1185 3772 propemo
1208 3724 1254 3758 um
1273 3707 1385 3760 hiel

233 3773 413 3834 romonachis‚
429 3773 531 3824 vocatis
550 3782 578 3824 et
595 3774 770 3837 convocatis,
791 3783 820 3826 et
830 3774 993 3842 primoribus
1012 3775 1154 3844 utriusque
1172 3793 1256 3830 sexus
1270 3792 1385 3832 cond

234 3844 412 3899 currentibus.
434 3851 516 3912 atque
538 3843 605 3894 haec
621 3843 732 3912 quidem
751 3844 818 3895 talia
837 3853 947 3895 suntet
965 3844 1000 3895 ad
1016 3846 1159 3898 veritatem
1177 3858 1301 3903 narrate.

245 3918 249 3928 '
305 3917 331 3967 6.
369 3915 424 3983 Ego
440 3914 563 3984 qursmin
582 3930 687 3966 carcere
706 3914 816 3966 fuissem
834 3913 891 3966 alies
911 3915 1197 3984 quadragintaarlesse
1233 3937 1270 3972 ue
1289 3923 1385 3975 lu‘

235 3983 324 4040 dicata
341 3986 486 4038 memoriae
504 3986 594 4054 magni
613 3987 737 4051 martyris
761 3988 846 4037 sancti
866 3986 997 4054 Georgii,
1015 3989 1182 4056 captivorum
1200 3927 1385 4046 lilseratof

235 4059 279 4119 ris,
297 4057 459 4128 suppliciter
475 4055 547 4108 hunc
566 4056 670 4124 rogavi,
691 4064 723 4107 ut
740 4057 928 4126 cognominem
940 4074 982 4108 me
1002 4068 1057 4110 eta
1075 4075 1159 4127 puero
1171 4061 1260 4129 ipsius
1279 4066 1385 4115 cul!

236 4137 323 4181 torem
345 4129 461 4182 miseriis
489 4137 518 4182 et
534 4128 650 4181 vinculis
670 4128 795 4197 eriperet
821 4136 878 4181 tum
897 4145 991 4180 somno
1010 4146 1167 4201 oppressus,
1186 4134 1261 4188 visus
1279 4139 1385 4188 suff
