2746 5084
225 588 279 648 nn
306 584 685 705 coqsrmuuoeom
722 587 981 654 oeenouum.
1059 561 1144 665 465

57 730 340 818 δρμονοφυλιίκιον
362 729 428 819 εἶχε
450 740 510 800 τοῦ
526 734 665 820 Τοόρκου
688 742 743 803 καί
760 736 799 802 τό
819 739 978 824 ταρχόσια
998 743 1057 805 τοῦ
1078 766 1146 827 φισ-

56 830 172 898 σότου.
222 829 289 916 εἶχε
319 834 373 898 καί
394 838 462 913 μετ’
493 837 595 899 αὐτοῦ
624 835 695 901 τότε
726 839 1050 921 σιδηροδεσμομένους
1071 841 1145 915 τοός

54 933 316 1015 ιίποιιρισιαρίους
337 937 395 998 τοῦ
415 938 582 1014 βασιλέως,
605 932 731 1011 ὁποίους
751 935 849 1011 ου’τὸς
870 937 1005 1023 ᾐτήσατο
1025 943 1148 1019 μᾶλλον

54 1032 109 1095 ἵνα
130 1033 240 1116 πέμψῃ
271 1036 345 1115 περί
369 1032 492 1116 εἰρήνης
513 1055 545 1097 το
572 1035 627 1096 καί
645 1032 779 1119 α’γιόπης.
827 1035 927 1109 αδτός
947 1040 983 1101 δὲ
1004 1037 1047 1114 ὥς
1063 1036 1144 1123 (laip-

25 1133 156 1217 5βαρος
170 1128 257 1216 οόμός
277 1130 331 1194 καί
348 1129 563 1215 ιῖπόνθρονπος
577 1132 693 1218 σίδηρα
710 1137 765 1198 καί
784 1134 931 1220 φυλακὰς
945 1135 1066 1211 ου’τοδς
1087 1161 1144 1203 κα·

51 1231 211 1310 τιδι’κασε,
232 1233 288 1293 καί
307 1230 378 1307 τοός
399 1229 560 1306 ἀναιτίους
581 1232 625 1305 οός
645 1232 955 1317 όπαιτιουςεήπιάει
975 1236 1020 1310 εἰς
1040 1237 1144 1301 θάνοι·

52 1349 120 1408 τον,
141 1325 394 1409 προβαλλόμενος
410 1331 445 1394 δὲ
465 1333 549 1413 ταίχα
563 1335 619 1394 καί
630 1332 742 1413 αἰτίαν,
764 1331 844 1398 citt
865 1334 1015 1415 ψυχρόν·
1056 1331 1144 1417 diere

49 1424 115 1510 γάρ
138 1425 217 1491 διότι
240 1449 281 1508 με
306 1424 335 1492 οἱ
353 1429 505 1509 Ῥωμαῖοι
525 1427 744 1512 ἀναισχύντως
770 1437 952 1514 συνέτυχον,
975 1433 1029 1498 διὰ
1051 1439 1143 1501 τοῦτο

52 1525 173 1601 ου’τοός
199 1527 246 1601 εἰς
278 1527 424 1613 φυλακην
453 1531 654 1598 κατεδίκασαν,
708 1528 791 1594 titt
819 1531 877 1601 Ικαί
901 1532 973 1603 τότε
1004 1557 1052 1608 τις
1079 1538 1144 1599 τιόν

11 1624 322 1707 ῑοΜουσουλμόνων
343 1626 467 1712 όψηλός
488 1652 522 1693 τι
550 1631 606 1692 ναί
622 1630 721 1712 μέγας
740 1630 796 1694 καί
816 1630 955 1716 φοβερός
968 1636 1042 1716 παρ’
1063 1633 1143 1697 ἑκεί-

50 1747 142 1804 νοις,
163 1722 207 1801 ὥς
230 1721 275 1789 ότι
296 1727 332 1791 αἰι
349 1730 460 1810 σειρᾶς
476 1749 512 1791 τε
534 1731 589 1793 καί
613 1731 722 1811 γένους
748 1732 804 1794 τοῦ
825 1734 1028 1812 Μουχουμὲτ
1049 1729 1180 1822 eard-97
1196 1730 1242 1816 eps

46 1846 135 1906 γετο.
188 1829 298 1889 τοῦτον
324 1826 380 1890 καί
406 1825 449 1902 οός
468 1823 668 1911 πατριάρχην
689 1828 785 1893 αὐτόν
805 1831 997 1912 ἐτιμοῦσαν,
1019 1833 1073 1897 καί
1096 1830 1140 1907 oie

47 1920 219 2007 προφήτην
239 1921 338 1989 ου’τόν
358 1925 587 2009 προσεκόνουν,
607 1925 661 1989 καί
681 1928 824 2009 ἐσέβοντο
851 1930 961 1994 τοῦτον
980 1929 1024 2006 uic
1043 1930 1142 1995 ου’τόν

45 2023 105 2087 τόν
125 2022 289 2102 Μωόμεθ.
332 2028 479 2090 τοσοῦτον
500 2027 555 2088 καί
573 2026 711 2101 τοιοῦτος
730 2030 874 2110 μέγιστος
895 2020 934 2109 ἦν
954 2031 1071 2104 ἐκεῖνος
1091 2024 1139 2094 ότι

16 2118 108 2203 ὅτην
127 2124 288 2203 θυγατέρα
318 2126 377 2188 τοῦ
407 2125 517 2208 α’μηριῖ
538 2123 594 2191 καί
620 2121 771 2191 δεσπότου
790 2129 853 2191 ταῖν
872 2129 1144 2210 Μουσουλμόνονν,

45 2222 207 2303 παρθένον
225 2215 325 2287 ου’σαν
344 2217 464 2306 ἥρπαξε
478 2223 566 2307 παρὰ
578 2224 704 2308 γνιόμην
722 2227 841 2290 ἐκείνου
858 2229 913 2290 καί
932 2223 1065 2312 ἔφθειρε
1084 2229 1140 2293 καί

44 2316 208 2404 ἐκρότησε,
228 2319 284 2386 καί
297 2319 390 2405 ἔσχεν
404 2324 525 2409 ε’κείνην
539 2327 573 2389 ἐν
589 2328 633 2413 τῷ
647 2327 770 2390 κοιτοῖνι
782 2323 839 2390 καί
850 2331 893 2412 τῷ
906 2329 1044 2416 κλινιδίῳ
1058 2332 1143 2393 exera.

43 2441 114 2498 νου,
127 2418 182 2484 καί
191 2422 294 2497 οδδείς
306 2420 476 2507 ἐτόλμησεν
487 2421 585 2488 αὐτόν
597 2426 723 2503 σκῶψαι
736 2417 803 2508 ἦτοι
815 2428 914 2491 εἰπεῖν
923 2423 1003 2511 πρός
1015 2430 1140 2491 ἐκεῖνον,

41 2517 128 2582 ἀλλὰ
149 2521 205 2585 καί
222 2525 343 2602 μᾶλλον
372 2520 538 2607 δυ’μηριῖς
563 2520 620 2587 καί
649 2522 789 2607 α’δελφός
817 2523 834 2585 ό
866 2527 920 2607 τῆς
941 2526 1037 2609 κόρης,
1053 2520 1138 2588 εἶπεν

12 2616 172 2709 α”ἢγίασε
190 2620 344 2704 ταότηνὴ
365 2623 520 2687 συνουσία
537 2625 595 2686 τοῦ
611 2618 810 2705 πατριάρχου
824 2626 883 2687 τοῦ
898 2627 1068 2706 συγγενοῦς
1079 2610 1137 2688 rod

43 2715 211 2813 Μωοίμεό,
230 2719 287 2784 καί
302 2718 337 2786 τό
361 2723 511 2804 γεννηθὲν
523 2720 557 2800 ἐξ
575 2720 693 2805 ἐκείνης
713 2715 805 2803 ιόγιον
817 2718 899 2785 ἔστω
920 2721 964 2796 τός
980 2725 1014 2799 ἐξ
1034 2725 1132 2803 αἷμα.

40 2839 97 2894 τος
115 2818 175 2883 sori
198 2820 356 2903 Μωόμεθ
371 2819 450 2888 κατὰ
472 2820 529 2887 τόν
553 2818 650 2903 νόμον
669 2817 724 2885 καί
743 2816 901 2905 ἁγιασμόν
920 2824 981 2886 τοῦ
996 2819 1152 2888 ῬασοόλΒ

44 3112 130 3165 etiam
142 3115 288 3236 praebuit3
304 3124 333 3168 et
351 3117 442 3186 plures
453 3118 535 3170 etiam
554 3115 605 3180 his,
625 3131 685 3168 cum
703 3115 835 3185 proelium
856 3113 1135 3179 ἰιτίτεῑιιιςτοΙιιτιιοιἸ

41 3201 113 3254 quae
168 3203 289 3239 orcarum
316 3190 550 3241 armamentarium
577 3196 606 3240 et
630 3188 763 3239 exercitus
780 3185 922 3256 pharetrae
943 3185 1135 3239 continebant..

42 3255 215 3308 convehebat
233 3275 287 3308 una
305 3274 394 3310 secum
412 3276 445 3310 eo
463 3267 583 3328 tempore
602 3257 771 3327 imperatoris
797 3265 917 3308 oratores
935 3256 1006 3308 ferro
1026 3258 1136 3308 miseris·

39 3325 131 3379 modis
151 3328 326 3397 compeditos,
345 3345 412 3398 quos
429 3331 489 3397 ipse
506 3346 555 3399 pro
574 3328 694 3379 ineunda
714 3345 778 3397 pace
796 3343 826 3378 ac
844 3326 954 3378 loedere
972 3327 1130 3395 postulave-

32 3396 94 3449 τοι.
139 3398 187 3449 sed
212 3408 269 3452 tum
295 3400 381 3451 veluti
394 3398 527 3466 barbarus
557 3399 666 3450 immitis
689 3406 770 3468 atque
798 3397 987 3451 immisericors
1014 3397 1136 3449 vinculis

41 3467 139 3519 ferreis
161 3472 283 3522 astrictos
305 3471 334 3521 in
360 3469 508 3522 custodiam
532 3468 658 3533 dederat,
681 3469 861 3537 innoxiosque
884 3476 1013 3536 tanquam
1031 3468 1127 3520 aonios

38 3537 283 3603 condemnaverat,
309 3540 407 3612 quibus
433 3541 512 3592 etiam
535 3549 648 3594 mortem
666 3538 857 3601 minitabatur,
884 3546 1004 3589 causatus
1023 3537 1126 3591 insulso

40 3609 206 3677 admodum
225 3613 315 3664 aiebat
331 3611 464 3682 siquidem
480 3609 595 3664 “Graeci
613 3626 656 3661 nae
669 3609 931 3680 impudenteratqne
948 3609 1126 3660 irreverenter

40 3681 156 3734 allocuti
177 3689 254 3744 snut,
272 3691 473 3752 proptereaque
490 3698 537 3734 eos
555 3682 584 3733 in
601 3697 732 3733 carcerem
752 3690 780 3732 et
795 3681 903 3732 vincula
922 3674 1051 3730 conieci.”
1067 3687 1124 3731 tum

37 3767 122 3820 porro
148 3755 257 3823 quidum
285 3753 510 3805 exMusulmanis
534 3769 646 3820 procero
672 3750 821 3821 grandique
846 3760 976 3819 corpore,
1004 3757 1032 3803 et
1050 3751 1124 3820 apud

37 3823 105 3874 illos
129 3824 274 3886 terribilis,
301 3825 373 3893 quod
400 3822 434 3874 de
461 3824 590 3893 progenie
619 3832 647 3874 et
670 3821 704 3873 cle
724 3821 849 3892 prosapia
866 3818 1026 3873 illabometis
1045 3829 1122 3883 esset.

38 3890 116 3945 branc
133 3895 174 3945 illi
191 3895 276 3947 veluti
295 3893 471 3964 patriarcham
490 3893 617 3946 colebant
635 3900 663 3944 et
675 3893 761 3945 voluti
781 3889 939 3960 prophetam
955 3891 1128 3944 venerabant

38 3973 102 4026 tur,
120 3967 315 4036 aequalemque
341 3966 383 4017 illi
407 3967 509 4017 cultum
534 3981 566 4016 ac
583 3964 739 4017 Mabometo
765 3961 947 4032 praestabant.
984 3961 1028 4014 bic
1045 3971 1128 4013 mata*

33 4033 110 4104 apud
130 4052 176 4090 eos
195 4039 354 4088 auctoritate
379 4036 519 4106 pollebat,
546 4042 579 4087 ut
596 4051 700 4087 emeras
722 4035 868 4086 Turcarnrn
888 4033 1016 4103 principis
1034 4032 1117 4083 liliarn

32 4107 166 4172 virginem
196 4114 302 4177 praeter
330 4107 404 4158 illius
428 4107 590 4160 sententiam
620 4113 720 4175 raptam
745 4104 952 4173 devirginaverit
974 4112 1125 4171 securoquet

33 4178 188 4243 retinuerit,
208 4188 235 4230 et
253 4181 317 4229 licet
335 4196 394 4228 cum
415 4192 447 4230 ea
465 4181 493 4230 in
509 4178 634 4229 cubiculo
653 4177 806 4245 lectuloque
825 4182 1018 4235 consuesceret,
1036 4189 1124 4226 neruo

32 4264 96 4299 enm
116 4250 159 4299 vel
179 4248 375 4319 reprehendere
396 4250 439 4300 vel
457 4250 493 4301 ali
515 4249 560 4300 uid
578 4248 720 4301 enuntiare
738 4264 818 4297 ausus
837 4247 927 4296 fuerit.
964 4246 1044 4295 immo
1082 4257 1115 4292 ο.

31 4320 88 4370 tius
106 4334 208 4371 arueras
226 4330 254 4372 et
270 4320 378 4389 puellae
396 4267 620 4372 interdixerunt
637 4318 814 4370 “concubitus
831 4313 996 4384 patriarchae
1015 4259 1114 4365 Mabo-

30 4389 118 4441 rnetbi
137 4393 329 4460 consanguinei
346 4407 403 4441 eam
415 4391 600 4452 sanctificavit,
618 4398 645 4442 et
664 4389 736 4458 quod
756 4395 878 4438 nascetur
892 4402 926 4436 ex
944 4402 976 4436 ea
993 4392 1112 4436 sanctum

30 4461 94 4524 erit,
111 4462 215 4531 quippe
232 4479 266 4515 es
288 4464 418 4533 sanguiue
442 4459 620 4524 blabometbi,
651 4458 796 4512 seeundum
814 4457 899 4526 legem
917 4455 1111 4510 sanctificatio·

87 4563 246 4621 Ρίιναιιιτιι.
935 4561 968 4613 30
