<?xml version="1.0" encoding="UTF-8"?>
<!DOCTYPE html PUBLIC "-//W3C//DTD XHTML 1.0 Transitional//EN"
    "http://www.w3.org/TR/xhtml1/DTD/xhtml1-transitional.dtd">
<html xmlns="http://www.w3.org/1999/xhtml" xml:lang="en" lang="en">
 <head>
  <title>
</title>
<meta http-equiv="Content-Type" content="text/html;charset=utf-8" />
  <meta name='ocr-system' content='tesseract 3.04.00' />
  <meta name='ocr-capabilities' content='ocr_page ocr_carea ocr_par ocr_line ocrx_word'/>
</head>
<body>
  <div class='ocr_page' id='page_1' title='image "./georgiusphrantz00bekkgoog_0421.png"; bbox 0 0 2746 5084; ppageno 0'>
   <div class='ocr_carea' id='block_1_1' title="bbox 209 230 992 336">
    <p class='ocr_par' dir='ltr' id='par_1_1' title="bbox 209 230 992 336">
     <span class='ocr_line' id='line_1_1' title="bbox 209 230 992 336; baseline -0.008 -17"><span class='ocrx_word' id='word_1_1' title='bbox 209 230 297 336; x_wconf 72' lang='lat'>408</span> <span class='ocrx_word' id='word_1_2' title='bbox 544 255 719 322; x_wconf 78' lang='lat' dir='ltr'>enormi</span> <span class='ocrx_word' id='word_1_3' title='bbox 749 248 992 317; x_wconf 71' lang='lat' dir='ltr'>rnatum</span> 
     </span>
    </p>
   </div>
   <div class='ocr_carea' id='block_1_2' title="bbox 149 389 1352 2674">
    <p class='ocr_par' dir='ltr' id='par_1_2' title="bbox 149 389 1352 2674">
     <span class='ocr_line' id='line_1_2' title="bbox 209 389 1307 487; baseline -0.017 -10"><span class='ocrx_word' id='word_1_4' title='bbox 209 417 348 477; x_wconf 87' lang='grc' dir='ltr'><strong><em>πέθανεν</em></strong></span> <span class='ocrx_word' id='word_1_5' title='bbox 373 413 419 487; x_wconf 80' lang='grc' dir='ltr'><strong><em>εἷς</em></strong></span> <span class='ocrx_word' id='word_1_6' title='bbox 455 405 621 474; x_wconf 66' lang='lat' dir='ltr'>dividuntor</span> <span class='ocrx_word' id='word_1_7' title='bbox 651 401 846 486; x_wconf 78' lang='grc' dir='ltr'><strong><em>διαβιβάσας</em></strong></span> <span class='ocrx_word' id='word_1_8' title='bbox 876 398 934 485; x_wconf 79' lang='grc' dir='ltr'><strong><em>την</em></strong></span> <span class='ocrx_word' id='word_1_9' title='bbox 952 397 1082 480; x_wconf 77' lang='grc' dir='ltr'><strong><em>ψυχήν,</em></strong></span> <span class='ocrx_word' id='word_1_10' title='bbox 1113 389 1161 472; x_wconf 67' lang='lat' dir='ltr'>ode</span> <span class='ocrx_word' id='word_1_11' title='bbox 1191 393 1307 459; x_wconf 75' lang='lat' dir='ltr'>noted</span> 
     </span>
     <span class='ocr_line' id='line_1_3' title="bbox 202 497 1306 594; baseline -0.017 -17"><span class='ocrx_word' id='word_1_12' title='bbox 202 504 331 594; x_wconf 74' lang='grc' dir='ltr'><strong><em>Ἀρειος</em></strong></span> <span class='ocrx_word' id='word_1_13' title='bbox 352 509 491 590; x_wconf 81' lang='grc' dir='ltr'><strong><em>ἔπαθεν,</em></strong></span> <span class='ocrx_word' id='word_1_14' title='bbox 510 505 567 588; x_wconf 76' lang='grc' dir='ltr'>ἅμ’</span> <span class='ocrx_word' id='word_1_15' title='bbox 593 504 754 589; x_wconf 81' lang='grc' dir='ltr'><strong><em>έγκὰιοις,</em></strong></span> <span class='ocrx_word' id='word_1_16' title='bbox 783 499 838 581; x_wconf 75' lang='grc' dir='ltr'><strong><em>καί</em></strong></span> <span class='ocrx_word' id='word_1_17' title='bbox 844 499 995 583; x_wconf 82' lang='grc' dir='ltr'><strong><em>,περάσας</em></strong></span> <span class='ocrx_word' id='word_1_18' title='bbox 1026 499 1185 579; x_wconf 81' lang='grc' dir='ltr'><strong><em>κατῆλθεν</em></strong></span> <span class='ocrx_word' id='word_1_19' title='bbox 1204 497 1252 571; x_wconf 81' lang='grc' dir='ltr'>εἰς</span> <span class='ocrx_word' id='word_1_20' title='bbox 1270 498 1306 559; x_wconf 84' lang='lat' dir='ltr'>roi</span> 
     </span>
     <span class='ocr_line' id='line_1_4' title="bbox 149 591 1306 695; baseline -0.016 -18"><span class='ocrx_word' id='word_1_21' title='bbox 149 646 152 658; x_wconf 88' lang='lat'><strong>·</strong></span> <span class='ocrx_word' id='word_1_22' title='bbox 210 612 287 692; x_wconf 72' lang='grc' dir='ltr'><strong><em>περὶ</em></strong></span> <span class='ocrx_word' id='word_1_23' title='bbox 305 612 363 695; x_wconf 80' lang='grc' dir='ltr'><strong><em>την</em></strong></span> <span class='ocrx_word' id='word_1_24' title='bbox 379 604 579 691; x_wconf 76' lang='grc' dir='ltr'><strong><em>Ἀνδροῦσαν</em></strong></span> <span class='ocrx_word' id='word_1_25' title='bbox 601 608 657 669; x_wconf 82' lang='grc' dir='ltr'><strong><em>καί</em></strong></span> <span class='ocrx_word' id='word_1_26' title='bbox 673 600 819 686; x_wconf 70' lang='grc' dir='ltr'><strong><em>Ἰθώμην.</em></strong></span> <span class='ocrx_word' id='word_1_27' title='bbox 869 598 924 664; x_wconf 77' lang='grc' dir='ltr'>καὶ</span> <span class='ocrx_word' id='word_1_28' title='bbox 943 597 1052 681; x_wconf 79' lang='grc' dir='ltr'><strong><em>λαβών</em></strong></span> <span class='ocrx_word' id='word_1_29' title='bbox 1072 593 1173 679; x_wconf 71' lang='grc' dir='ltr'><strong><em>αὐτην</em></strong></span> <span class='ocrx_word' id='word_1_30' title='bbox 1193 597 1250 658; x_wconf 83' lang='grc' dir='ltr'><strong><em>καί</em></strong></span> <span class='ocrx_word' id='word_1_31' title='bbox 1267 591 1306 658; x_wconf 77' lang='grc' dir='ltr'>τοὶ</span> 
     </span>
     <span class='ocr_line' id='line_1_5' title="bbox 210 688 1307 792; baseline -0.015 -19"><span class='ocrx_word' id='word_1_32' title='bbox 210 712 286 792; x_wconf 73' lang='grc' dir='ltr'><strong><em>περὶ</em></strong></span> <span class='ocrx_word' id='word_1_33' title='bbox 306 706 407 792; x_wconf 76' lang='grc' dir='ltr'><strong><em>αὐτην</em></strong></span> <span class='ocrx_word' id='word_1_34' title='bbox 425 706 529 770; x_wconf 81' lang='grc' dir='ltr'><strong><em>πάντα</em></strong></span> <span class='ocrx_word' id='word_1_35' title='bbox 550 705 676 787; x_wconf 73' lang='grc' dir='ltr'><strong><em>ἀπῆλθε</em></strong></span> <span class='ocrx_word' id='word_1_36' title='bbox 697 699 883 766; x_wconf 80' lang='grc' dir='ltr'><strong><em>θεάσασθαι</em></strong></span> <span class='ocrx_word' id='word_1_37' title='bbox 908 699 965 763; x_wconf 76' lang='grc' dir='ltr'><strong><em>καί</em></strong></span> <span class='ocrx_word' id='word_1_38' title='bbox 983 696 1041 781; x_wconf 79' lang='grc' dir='ltr'><strong><em>τὴν</em></strong></span> <span class='ocrx_word' id='word_1_39' title='bbox 1064 693 1235 779; x_wconf 78' lang='grc' dir='ltr'><strong><em>Κορώνην,</em></strong></span> <span class='ocrx_word' id='word_1_40' title='bbox 1252 688 1307 758; x_wconf 75' lang='grc' dir='ltr'><strong><em>εἶτ’</em></strong></span> 
     </span>
     <span class='ocr_line' id='line_1_6' title="bbox 210 791 1331 890; baseline -0.014 -19"><span class='ocrx_word' id='word_1_41' title='bbox 210 809 333 872; x_wconf 86' lang='grc' dir='ltr'><strong><em>ε’κεῖθεν</em></strong></span> <span class='ocrx_word' id='word_1_42' title='bbox 355 810 445 890; x_wconf 77' lang='grc' dir='ltr'><strong><em>διέβη</em></strong></span> <span class='ocrx_word' id='word_1_43' title='bbox 477 805 533 869; x_wconf 79' lang='grc' dir='ltr'>καὶ</span> <span class='ocrx_word' id='word_1_44' title='bbox 556 799 621 868; x_wconf 76' lang='lat' dir='ltr'>eide</span> <span class='ocrx_word' id='word_1_45' title='bbox 653 800 713 885; x_wconf 77' lang='grc' dir='ltr'><strong><em>τήν</em></strong></span> <span class='ocrx_word' id='word_1_46' title='bbox 735 796 920 884; x_wconf 75' lang='grc' dir='ltr'><strong><em>Μοθώνην,</em></strong></span> <span class='ocrx_word' id='word_1_47' title='bbox 944 791 1015 862; x_wconf 84' lang='grc' dir='ltr'><strong><em>εἶτα</em></strong></span> <span class='ocrx_word' id='word_1_48' title='bbox 1037 793 1095 880; x_wconf 74' lang='grc' dir='ltr'><strong><em>τήν</em></strong></span> <span class='ocrx_word' id='word_1_49' title='bbox 1115 792 1234 859; x_wconf 73' lang='grc' dir='ltr'><strong><em>Πύλον</em></strong></span> <span class='ocrx_word' id='word_1_50' title='bbox 1253 794 1331 876; x_wconf 68' lang='lat' dir='ltr'>salvi</span> 
     </span>
     <span class='ocr_line' id='line_1_7' title="bbox 210 891 1309 988; baseline -0.012 -19"><span class='ocrx_word' id='word_1_51' title='bbox 210 910 266 970; x_wconf 79' lang='grc' dir='ltr'>καῖ</span> <span class='ocrx_word' id='word_1_52' title='bbox 285 907 459 988; x_wconf 81' lang='grc' dir='ltr'><strong><em>Ἀβαρῖνον.</em></strong></span> <span class='ocrx_word' id='word_1_53' title='bbox 500 907 576 967; x_wconf 80' lang='grc' dir='ltr'><strong><em>καθ’</em></strong></span> <span class='ocrx_word' id='word_1_54' title='bbox 598 900 637 984; x_wconf 82' lang='grc' dir='ltr'><strong><em>ἢν</em></strong></span> <span class='ocrx_word' id='word_1_55' title='bbox 656 900 779 985; x_wconf 83' lang='grc' dir='ltr'><strong><em>ἡμέραν</em></strong></span> <span class='ocrx_word' id='word_1_56' title='bbox 803 897 860 961; x_wconf 80' lang='grc' dir='ltr'><strong><em>καί</em></strong></span> <span class='ocrx_word' id='word_1_57' title='bbox 886 893 905 960; x_wconf 80' lang='grc' dir='ltr'><em>ὅ</em></span> <span class='ocrx_word' id='word_1_58' title='bbox 930 891 1082 979; x_wconf 78' lang='grc' dir='ltr'><strong><em>δεσπότης</em></strong></span> <span class='ocrx_word' id='word_1_59' title='bbox 1102 892 1163 978; x_wconf 78' lang='grc' dir='ltr'>κύρ</span> <span class='ocrx_word' id='word_1_60' title='bbox 1188 895 1309 974; x_wconf 77' lang='grc' dir='ltr'><strong><em>Θωμᾶς</em></strong></span> 
     </span>
     <span class='ocr_line' id='line_1_8' title="bbox 210 991 1309 1089; baseline -0.015 -19"><span class='ocrx_word' id='word_1_61' title='bbox 210 1007 325 1089; x_wconf 74' lang='grc' dir='ltr'><strong><em>ἐξῆλθε</em></strong></span> <span class='ocrx_word' id='word_1_62' title='bbox 344 1008 401 1086; x_wconf 82' lang='grc' dir='ltr'>τῆς</span> <span class='ocrx_word' id='word_1_63' title='bbox 419 998 687 1083; x_wconf 81' lang='grc' dir='ltr'><strong><em>Πελοποννήσου·</em></strong></span> <span class='ocrx_word' id='word_1_64' title='bbox 727 997 940 1081; x_wconf 72' lang='grc' dir='ltr'><strong><em>προητοίμασε</em></strong></span> <span class='ocrx_word' id='word_1_65' title='bbox 964 991 1026 1079; x_wconf 77' lang='grc' dir='ltr'>γάρ</span> <span class='ocrx_word' id='word_1_66' title='bbox 1050 1018 1122 1058; x_wconf 85' lang='grc' dir='ltr'><strong><em>τινα</em></strong></span> <span class='ocrx_word' id='word_1_67' title='bbox 1142 991 1309 1075; x_wconf 79' lang='grc' dir='ltr'><strong><em>πλοιάρια,</em></strong></span> 
     </span>
     <span class='ocr_line' id='line_1_9' title="bbox 210 1090 1310 1188; baseline -0.013 -20"><span class='ocrx_word' id='word_1_68' title='bbox 210 1106 267 1168; x_wconf 85' lang='grc' dir='ltr'>καί</span> <span class='ocrx_word' id='word_1_69' title='bbox 286 1102 392 1168; x_wconf 81' lang='grc' dir='ltr'><strong><em>ε’λθών</em></strong></span> <span class='ocrx_word' id='word_1_70' title='bbox 414 1105 449 1167; x_wconf 84' lang='grc' dir='ltr'>έν</span> <span class='ocrx_word' id='word_1_71' title='bbox 471 1103 517 1188; x_wconf 75' lang='grc' dir='ltr'>τῷ</span> <span class='ocrx_word' id='word_1_72' title='bbox 536 1104 641 1182; x_wconf 78' lang='grc' dir='ltr'><strong><em>λιμένι</em></strong></span> <span class='ocrx_word' id='word_1_73' title='bbox 660 1101 702 1186; x_wconf 78' lang='grc' dir='ltr'>τῷ</span> <span class='ocrx_word' id='word_1_74' title='bbox 725 1103 800 1181; x_wconf 82' lang='grc' dir='ltr'><strong><em>παρ’</em></strong></span> <span class='ocrx_word' id='word_1_75' title='bbox 828 1095 958 1170; x_wconf 81' lang='grc' dir='ltr'><strong><em>Ἰταλοῖς</em></strong></span> <span class='ocrx_word' id='word_1_76' title='bbox 983 1094 1166 1180; x_wconf 79' lang='grc' dir='ltr'><strong><em>καλουμένῳ</em></strong></span> <span class='ocrx_word' id='word_1_77' title='bbox 1189 1090 1310 1179; x_wconf 77' lang='grc' dir='ltr'><strong><em>Πὸρτιγ</em></strong></span> 
     </span>
     <span class='ocr_line' id='line_1_10' title="bbox 211 1191 1310 1291; baseline -0.015 -22"><span class='ocrx_word' id='word_1_78' title='bbox 211 1200 329 1291; x_wconf 78' lang='grc' dir='ltr'><strong><em>λόγγῳ,</em></strong></span> <span class='ocrx_word' id='word_1_79' title='bbox 360 1203 412 1270; x_wconf 81' lang='grc' dir='ltr'>ἵνα</span> <span class='ocrx_word' id='word_1_80' title='bbox 434 1205 557 1267; x_wconf 80' lang='grc' dir='ltr'><strong><em>ἐκεῖθεν</em></strong></span> <span class='ocrx_word' id='word_1_81' title='bbox 585 1198 765 1280; x_wconf 71' lang='grc' dir='ltr'><strong><em>εὖπλυέῖμον</em></strong></span> <span class='ocrx_word' id='word_1_82' title='bbox 790 1194 900 1279; x_wconf 79' lang='grc' dir='ltr'><strong><em>καιρὸν</em></strong></span> <span class='ocrx_word' id='word_1_83' title='bbox 928 1191 1032 1278; x_wconf 74' lang='lat' dir='ltr'>eripuis</span> <span class='ocrx_word' id='word_1_84' title='bbox 1057 1195 1103 1268; x_wconf 80' lang='grc' dir='ltr'>εἰς</span> <span class='ocrx_word' id='word_1_85' title='bbox 1134 1194 1310 1276; x_wconf 78' lang='grc' dir='ltr'><strong><em>Κέρκυραν</em></strong></span> 
     </span>
     <span class='ocr_line' id='line_1_11' title="bbox 212 1284 1350 1391; baseline -0.009 -25"><span class='ocrx_word' id='word_1_86' title='bbox 212 1302 350 1391; x_wconf 76' lang='grc' dir='ltr'><strong><em>ἀπέλθῃ.</em></strong></span> <span class='ocrx_word' id='word_1_87' title='bbox 402 1297 422 1365; x_wconf 80' lang='lat' dir='ltr'>d</span> <span class='ocrx_word' id='word_1_88' title='bbox 454 1299 493 1385; x_wconf 78' lang='grc' dir='ltr'>δη</span> <span class='ocrx_word' id='word_1_89' title='bbox 524 1302 718 1385; x_wconf 85' lang='grc' dir='ltr'><strong><em>γέγονε,καί</em></strong></span> <span class='ocrx_word' id='word_1_90' title='bbox 746 1297 787 1385; x_wconf 75' lang='grc' dir='ltr'>τῇ</span> <span class='ocrx_word' id='word_1_91' title='bbox 808 1296 853 1380; x_wconf 89' lang='grc' dir='ltr'><strong><em>κη’</em></strong></span> <span class='ocrx_word' id='word_1_92' title='bbox 874 1299 934 1360; x_wconf 82' lang='grc' dir='ltr'>τοῦ</span> <span class='ocrx_word' id='word_1_93' title='bbox 951 1295 1084 1361; x_wconf 86' lang='grc' dir='ltr'><strong><em>Ἰουλιόυ</em></strong></span> <span class='ocrx_word' id='word_1_94' title='bbox 1108 1288 1210 1377; x_wconf 77' lang='grc' dir='ltr'><strong><em>μηνὸς</em></strong></span> <span class='ocrx_word' id='word_1_95' title='bbox 1231 1284 1309 1354; x_wconf 76' lang='lat' dir='ltr'>cine·</span> <span class='ocrx_word' id='word_1_96' title='bbox 1321 1315 1350 1356; x_wconf 89' lang='grc' dir='ltr'>ιο</span> 
     </span>
     <span class='ocr_line' id='line_1_12' title="bbox 212 1390 1311 1485; baseline -0.014 -18"><span class='ocrx_word' id='word_1_97' title='bbox 212 1402 304 1485; x_wconf 76' lang='grc' dir='ltr'><strong><em>σώθη</em></strong></span> <span class='ocrx_word' id='word_1_98' title='bbox 326 1403 371 1477; x_wconf 80' lang='grc' dir='ltr'>εἷς</span> <span class='ocrx_word' id='word_1_99' title='bbox 390 1402 571 1483; x_wconf 77' lang='grc' dir='ltr'><strong><em>Κέρκυραν.</em></strong></span> <span class='ocrx_word' id='word_1_100' title='bbox 614 1394 759 1484; x_wconf 73' lang='grc' dir='ltr'><strong><em>εὑρόντες</em></strong></span> <span class='ocrx_word' id='word_1_101' title='bbox 781 1399 817 1461; x_wconf 77' lang='grc' dir='ltr'><strong><em>δέ</em></strong></span> <span class='ocrx_word' id='word_1_102' title='bbox 838 1393 894 1458; x_wconf 72' lang='grc' dir='ltr'>καὶ</span> <span class='ocrx_word' id='word_1_103' title='bbox 913 1394 1007 1479; x_wconf 83' lang='grc' dir='ltr'><strong><em>ἡμεῖς</em></strong></span> <span class='ocrx_word' id='word_1_104' title='bbox 1026 1390 1202 1473; x_wconf 76' lang='grc' dir='ltr'><strong><em>πλεύοιμον</em></strong></span> <span class='ocrx_word' id='word_1_105' title='bbox 1226 1393 1311 1452; x_wconf 86' lang='grc' dir='ltr'><strong><em>α’πα·</em></strong></span> 
     </span>
     <span class='ocr_line' id='line_1_13' title="bbox 212 1489 1313 1586; baseline -0.007 -25"><span class='ocrx_word' id='word_1_106' title='bbox 212 1500 346 1586; x_wconf 87' lang='grc' dir='ltr'><strong><em>γόμενον</em></strong></span> <span class='ocrx_word' id='word_1_107' title='bbox 367 1500 483 1581; x_wconf 78' lang='grc' dir='ltr'><strong><em>ἐκεῖσε,</em></strong></span> <span class='ocrx_word' id='word_1_108' title='bbox 504 1495 657 1580; x_wconf 81' lang='grc' dir='ltr'><strong><em>ἐμβάντες</em></strong></span> <span class='ocrx_word' id='word_1_109' title='bbox 680 1499 718 1584; x_wconf 83' lang='grc' dir='ltr'>τῇ</span> <span class='ocrx_word' id='word_1_110' title='bbox 741 1493 784 1560; x_wconf 86' lang='grc' dir='ltr'><strong><em>ια’</em></strong></span> <span class='ocrx_word' id='word_1_111' title='bbox 806 1492 940 1560; x_wconf 88' lang='grc' dir='ltr'><strong><em>Ἰουλιόυ</em></strong></span> <span class='ocrx_word' id='word_1_112' title='bbox 970 1493 1023 1557; x_wconf 79' lang='grc' dir='ltr'><strong><em>διαὶ</em></strong></span> <span class='ocrx_word' id='word_1_113' title='bbox 1045 1489 1081 1558; x_wconf 82' lang='grc' dir='ltr'>τὸ</span> <span class='ocrx_word' id='word_1_114' title='bbox 1104 1490 1313 1573; x_wconf 75' lang='grc' dir='ltr'><strong><em>ἐπιγενέσθαι</em></strong></span> 
     </span>
     <span class='ocr_line' id='line_1_14' title="bbox 214 1584 1311 1681; baseline -0.009 -19"><span class='ocrx_word' id='word_1_115' title='bbox 214 1602 272 1662; x_wconf 83' lang='grc' dir='ltr'><strong><em>καί</em></strong></span> <span class='ocrx_word' id='word_1_116' title='bbox 289 1595 373 1681; x_wconf 77' lang='grc' dir='ltr'><strong><em>μετὰ</em></strong></span> <span class='ocrx_word' id='word_1_117' title='bbox 396 1600 458 1663; x_wconf 76' lang='grc' dir='ltr'><strong><em>τῶν</em></strong></span> <span class='ocrx_word' id='word_1_118' title='bbox 479 1590 583 1662; x_wconf 76' lang='grc' dir='ltr'><strong><em>ἄλλων</em></strong></span> <span class='ocrx_word' id='word_1_119' title='bbox 603 1598 708 1660; x_wconf 80' lang='grc' dir='ltr'><strong><em>κακῶν</em></strong></span> <span class='ocrx_word' id='word_1_120' title='bbox 732 1589 904 1659; x_wconf 79' lang='grc' dir='ltr'><strong><em>θανατικὸν</em></strong></span> <span class='ocrx_word' id='word_1_121' title='bbox 927 1594 961 1657; x_wconf 82' lang='grc' dir='ltr'><strong><em>ἐν</em></strong></span> <span class='ocrx_word' id='word_1_122' title='bbox 982 1595 1023 1680; x_wconf 79' lang='grc' dir='ltr'>τῇ</span> <span class='ocrx_word' id='word_1_123' title='bbox 1043 1587 1205 1677; x_wconf 79' lang='grc' dir='ltr'><strong><em>Μοθώνῃ,</em></strong></span> <span class='ocrx_word' id='word_1_124' title='bbox 1230 1584 1311 1674; x_wconf 64' lang='lat' dir='ltr'>apid</span> 
     </span>
     <span class='ocr_line' id='line_1_15' title="bbox 213 1687 1314 1780; baseline -0.013 -18"><span class='ocrx_word' id='word_1_125' title='bbox 213 1705 275 1762; x_wconf 80' lang='grc' dir='ltr'>ποῖ</span> <span class='ocrx_word' id='word_1_126' title='bbox 293 1695 484 1780; x_wconf 75' lang='grc' dir='ltr'><strong><em>Αὐγούστου</em></strong></span> <span class='ocrx_word' id='word_1_127' title='bbox 506 1693 719 1778; x_wconf 77' lang='grc' dir='ltr'><strong><em>ἄπεσώθημεν</em></strong></span> <span class='ocrx_word' id='word_1_128' title='bbox 739 1694 784 1767; x_wconf 72' lang='grc' dir='ltr'><strong><em>εἰς</em></strong></span> <span class='ocrx_word' id='word_1_129' title='bbox 805 1695 989 1777; x_wconf 85' lang='grc' dir='ltr'><strong><em>Κέρκυραν,</em></strong></span> <span class='ocrx_word' id='word_1_130' title='bbox 1011 1689 1138 1774; x_wconf 72' lang='grc' dir='ltr'><strong><em>ἔχοντες</em></strong></span> <span class='ocrx_word' id='word_1_131' title='bbox 1160 1687 1220 1753; x_wconf 81' lang='grc' dir='ltr'><strong><em>τὸν</em></strong></span> <span class='ocrx_word' id='word_1_132' title='bbox 1240 1710 1314 1751; x_wconf 87' lang='grc' dir='ltr'><strong><em>σκο-</em></strong></span> 
     </span>
     <span class='ocr_line' id='line_1_16' title="bbox 179 1786 1352 1878; baseline -0.006 -18"><span class='ocrx_word' id='word_1_133' title='bbox 179 1788 185 1814; x_wconf 79' lang='grc'><em>“</em></span> <span class='ocrx_word' id='word_1_134' title='bbox 215 1794 278 1860; x_wconf 81' lang='grc' dir='ltr'><strong><em>πὰν</em></strong></span> <span class='ocrx_word' id='word_1_135' title='bbox 297 1800 349 1860; x_wconf 87' lang='grc' dir='ltr'>ἵνα</span> <span class='ocrx_word' id='word_1_136' title='bbox 371 1798 560 1877; x_wconf 76' lang='grc' dir='ltr'><strong><em>ἀπέλθωμεν</em></strong></span> <span class='ocrx_word' id='word_1_137' title='bbox 574 1797 619 1868; x_wconf 82' lang='grc' dir='ltr'>εἰς</span> <span class='ocrx_word' id='word_1_138' title='bbox 641 1793 699 1878; x_wconf 71' lang='grc' dir='ltr'><strong><em>τὴν</em></strong></span> <span class='ocrx_word' id='word_1_139' title='bbox 715 1790 849 1877; x_wconf 81' lang='grc' dir='ltr'><strong><em>Κρητην</em></strong></span> <span class='ocrx_word' id='word_1_140' title='bbox 869 1786 891 1876; x_wconf 76' lang='grc' dir='ltr'><em>ἢ</em></span> <span class='ocrx_word' id='word_1_141' title='bbox 910 1795 955 1867; x_wconf 79' lang='grc' dir='ltr'>εἰς</span> <span class='ocrx_word' id='word_1_142' title='bbox 973 1789 1031 1875; x_wconf 76' lang='grc' dir='ltr'><strong><em>τήν</em></strong></span> <span class='ocrx_word' id='word_1_143' title='bbox 1053 1792 1128 1873; x_wconf 76' lang='grc' dir='ltr'><strong><em>περὶ</em></strong></span> <span class='ocrx_word' id='word_1_144' title='bbox 1145 1787 1207 1873; x_wconf 75' lang='grc' dir='ltr'><strong><em>τὴν</em></strong></span> <span class='ocrx_word' id='word_1_145' title='bbox 1229 1787 1352 1853; x_wconf 70' lang='lat' dir='ltr'>eso-15</span> 
     </span>
     <span class='ocr_line' id='line_1_17' title="bbox 215 1885 1314 1979; baseline -0.009 -19"><span class='ocrx_word' id='word_1_146' title='bbox 215 1898 384 1979; x_wconf 81' lang='grc' dir='ltr'><strong><em>σαλονέκην</em></strong></span> <span class='ocrx_word' id='word_1_147' title='bbox 396 1899 565 1978; x_wconf 83' lang='grc' dir='ltr'><strong><em>Βερροιάν,</em></strong></span> <span class='ocrx_word' id='word_1_148' title='bbox 588 1891 642 1957; x_wconf 75' lang='lat' dir='ltr'>dui</span> <span class='ocrx_word' id='word_1_149' title='bbox 664 1891 699 1957; x_wconf 69' lang='lat' dir='ltr'>ro*</span> <span class='ocrx_word' id='word_1_150' title='bbox 722 1887 805 1958; x_wconf 77' lang='grc' dir='ltr'><strong><em>εἶναι</em></strong></span> <span class='ocrx_word' id='word_1_151' title='bbox 819 1892 944 1956; x_wconf 77' lang='grc' dir='ltr'><strong><em>κάκεῖσε</em></strong></span> <span class='ocrx_word' id='word_1_152' title='bbox 958 1893 1128 1973; x_wconf 73' lang='grc' dir='ltr'><strong><em>καλλίστην</em></strong></span> <span class='ocrx_word' id='word_1_153' title='bbox 1144 1885 1250 1971; x_wconf 77' lang='grc' dir='ltr'><strong><em>μονην</em></strong></span> <span class='ocrx_word' id='word_1_154' title='bbox 1269 1890 1314 1963; x_wconf 82' lang='grc' dir='ltr'>εἰς</span> 
     </span>
     <span class='ocr_line' id='line_1_18' title="bbox 215 1983 1313 2076; baseline -0.005 -20"><span class='ocrx_word' id='word_1_155' title='bbox 215 1986 320 2074; x_wconf 72' lang='grc' dir='ltr'><strong><em>ὄνομα</em></strong></span> <span class='ocrx_word' id='word_1_156' title='bbox 340 1996 397 2059; x_wconf 83' lang='grc' dir='ltr'>τοῦ</span> <span class='ocrx_word' id='word_1_157' title='bbox 416 1993 508 2076; x_wconf 78' lang='grc' dir='ltr'><strong><em>οἱγέου</em></strong></span> <span class='ocrx_word' id='word_1_158' title='bbox 529 1986 712 2073; x_wconf 70' lang='grc' dir='ltr'><strong><em>Νικολάου,</em></strong></span> <span class='ocrx_word' id='word_1_159' title='bbox 742 1986 839 2076; x_wconf 75' lang='grc' dir='ltr'><strong><em>ἥνπερ</em></strong></span> <span class='ocrx_word' id='word_1_160' title='bbox 870 1989 964 2072; x_wconf 72' lang='grc' dir='ltr'>ὁτῆς</span> <span class='ocrx_word' id='word_1_161' title='bbox 983 1987 1105 2074; x_wconf 83' lang='grc' dir='ltr'><strong><em>μητρός</em></strong></span> <span class='ocrx_word' id='word_1_162' title='bbox 1123 2010 1189 2068; x_wconf 89' lang='grc' dir='ltr'>μου</span> <span class='ocrx_word' id='word_1_163' title='bbox 1210 1983 1313 2071; x_wconf 79' lang='grc' dir='ltr'><strong><em>παεηρ</em></strong></span> 
     </span>
     <span class='ocr_line' id='line_1_19' title="bbox 215 2087 1315 2179; baseline -0.009 -21"><span class='ocrx_word' id='word_1_164' title='bbox 215 2087 381 2179; x_wconf 67' lang='grc' dir='ltr'><strong><em>ἀνήγειρεν</em></strong></span> <span class='ocrx_word' id='word_1_165' title='bbox 402 2093 437 2158; x_wconf 86' lang='grc' dir='ltr'>έκ</span> <span class='ocrx_word' id='word_1_166' title='bbox 455 2091 601 2177; x_wconf 77' lang='grc' dir='ltr'><strong><em>βάθρων.</em></strong></span> <span class='ocrx_word' id='word_1_167' title='bbox 641 2095 700 2156; x_wconf 80' lang='grc' dir='ltr'>τοῦ</span> <span class='ocrx_word' id='word_1_168' title='bbox 721 2093 756 2155; x_wconf 83' lang='grc' dir='ltr'>δὲ</span> <span class='ocrx_word' id='word_1_169' title='bbox 767 2087 885 2155; x_wconf 77' lang='lat' dir='ltr'>‘Possit</span> <span class='ocrx_word' id='word_1_170' title='bbox 896 2092 926 2153; x_wconf 93' lang='grc' dir='ltr'><strong><em>Γ</em></strong></span> <span class='ocrx_word' id='word_1_171' title='bbox 925 2092 1056 2173; x_wconf 83' lang='grc' dir='ltr'><strong><em>εωργίου</em></strong></span> <span class='ocrx_word' id='word_1_172' title='bbox 1079 2088 1211 2152; x_wconf 76' lang='grc' dir='ltr'><strong><em>καὶτοῦ</em></strong></span> <span class='ocrx_word' id='word_1_173' title='bbox 1231 2094 1315 2169; x_wconf 84' lang='grc' dir='ltr'><strong><em>γαμ-</em></strong></span> 
     </span>
     <span class='ocr_line' id='line_1_20' title="bbox 215 2183 1316 2276; baseline -0.007 -20"><span class='ocrx_word' id='word_1_174' title='bbox 215 2194 299 2276; x_wconf 78' lang='grc' dir='ltr'><strong><em>βροῦ</em></strong></span> <span class='ocrx_word' id='word_1_175' title='bbox 320 2194 421 2257; x_wconf 83' lang='grc' dir='ltr'><strong><em>ου’τοῦ</em></strong></span> <span class='ocrx_word' id='word_1_176' title='bbox 450 2194 507 2256; x_wconf 81' lang='grc' dir='ltr'><strong><em>καί</em></strong></span> <span class='ocrx_word' id='word_1_177' title='bbox 525 2188 686 2276; x_wconf 76' lang='grc' dir='ltr'><strong><em>θυγατρός</em></strong></span> <span class='ocrx_word' id='word_1_178' title='bbox 712 2187 986 2275; x_wconf 83' lang='grc' dir='ltr'><strong><em>προαπελθόντων,</em></strong></span> <span class='ocrx_word' id='word_1_179' title='bbox 1007 2187 1242 2272; x_wconf 71' lang='grc' dir='ltr'><strong><em>έπαραὸιρυναν</em></strong></span> <span class='ocrx_word' id='word_1_180' title='bbox 1262 2183 1316 2249; x_wconf 75' lang='grc' dir='ltr'>καὶ</span> 
     </span>
     <span class='ocr_line' id='line_1_21' title="bbox 215 2282 1352 2373; baseline -0.005 -16"><span class='ocrx_word' id='word_1_181' title='bbox 215 2288 424 2373; x_wconf 77' lang='grc' dir='ltr'><strong><em>εὸνοῖνεψιόν</em></strong></span> <span class='ocrx_word' id='word_1_182' title='bbox 446 2285 547 2355; x_wconf 74' lang='grc' dir='ltr'><strong><em>αὐτοῦ</em></strong></span> <span class='ocrx_word' id='word_1_183' title='bbox 567 2288 620 2355; x_wconf 81' lang='grc' dir='ltr'><strong><em>τόν</em></strong></span> <span class='ocrx_word' id='word_1_184' title='bbox 640 2313 712 2354; x_wconf 78' lang='grc' dir='ltr'><strong><em>ποτε</em></strong></span> <span class='ocrx_word' id='word_1_185' title='bbox 732 2285 973 2372; x_wconf 78' lang='grc' dir='ltr'><strong><em>μελλόγαμβρόν</em></strong></span> <span class='ocrx_word' id='word_1_186' title='bbox 992 2311 1056 2368; x_wconf 89' lang='grc' dir='ltr'>μου</span> <span class='ocrx_word' id='word_1_187' title='bbox 1076 2282 1240 2354; x_wconf 85' lang='grc' dir='ltr'><strong><em>Νικόλαον</em></strong></span> <span class='ocrx_word' id='word_1_188' title='bbox 1261 2286 1352 2351; x_wconf 80' lang='lat' dir='ltr'>sivae</span> 
     </span>
     <span class='ocr_line' id='line_1_22' title="bbox 216 2384 1314 2474; baseline -0.006 -19"><span class='ocrx_word' id='word_1_189' title='bbox 216 2386 438 2474; x_wconf 81' lang='grc' dir='ltr'><strong><em>Μελισσηνᾶν,</em></strong></span> <span class='ocrx_word' id='word_1_190' title='bbox 465 2388 565 2466; x_wconf 75' lang='grc' dir='ltr'><strong><em>αὐτὸς</em></strong></span> <span class='ocrx_word' id='word_1_191' title='bbox 594 2392 630 2454; x_wconf 78' lang='grc' dir='ltr'>δὲ</span> <span class='ocrx_word' id='word_1_192' title='bbox 659 2390 755 2454; x_wconf 75' lang='grc' dir='ltr'><strong><em>πάλιν</em></strong></span> <span class='ocrx_word' id='word_1_193' title='bbox 783 2390 855 2471; x_wconf 85' lang='grc' dir='ltr'><strong><em>έμὲ·</em></strong></span> <span class='ocrx_word' id='word_1_194' title='bbox 904 2386 951 2452; x_wconf 80' lang='grc' dir='ltr'>ἔτι</span> <span class='ocrx_word' id='word_1_195' title='bbox 979 2390 1015 2452; x_wconf 82' lang='grc' dir='ltr'>δὲ</span> <span class='ocrx_word' id='word_1_196' title='bbox 1044 2384 1175 2451; x_wconf 79' lang='grc' dir='ltr'><strong><em>καὶτοῦ</em></strong></span> <span class='ocrx_word' id='word_1_197' title='bbox 1197 2384 1314 2452; x_wconf 78' lang='lat' dir='ltr'>decad·</span> 
     </span>
     <span class='ocr_line' id='line_1_23' title="bbox 216 2481 1315 2571; baseline -0.005 -19"><span class='ocrx_word' id='word_1_198' title='bbox 216 2513 275 2552; x_wconf 85' lang='grc' dir='ltr'>του</span> <span class='ocrx_word' id='word_1_199' title='bbox 295 2486 376 2570; x_wconf 75' lang='grc' dir='ltr'><strong><em>μετὰ</em></strong></span> <span class='ocrx_word' id='word_1_200' title='bbox 403 2488 460 2553; x_wconf 77' lang='grc' dir='ltr'>καὶ</span> <span class='ocrx_word' id='word_1_201' title='bbox 484 2492 549 2552; x_wconf 76' lang='grc' dir='ltr'><strong><em>τῶν</em></strong></span> <span class='ocrx_word' id='word_1_202' title='bbox 577 2481 682 2554; x_wconf 73' lang='grc' dir='ltr'><strong><em>ἄλλων</em></strong></span> <span class='ocrx_word' id='word_1_203' title='bbox 711 2491 813 2555; x_wconf 87' lang='grc' dir='ltr'><strong><em>έκεῖσε</em></strong></span> <span class='ocrx_word' id='word_1_204' title='bbox 840 2489 1097 2571; x_wconf 80' lang='grc' dir='ltr'><strong><em>παραγενομένου</em></strong></span> <span class='ocrx_word' id='word_1_205' title='bbox 1125 2485 1315 2570; x_wconf 77' lang='grc' dir='ltr'><strong><em>α’πὴλθομεν</em></strong></span> 
     </span>
     <span class='ocr_line' id='line_1_24' title="bbox 214 2580 1315 2674; baseline 0 -23"><span class='ocrx_word' id='word_1_206' title='bbox 214 2581 344 2673; x_wconf 73' lang='grc' dir='ltr'><strong><em>χήμεῖς,</em></strong></span> <span class='ocrx_word' id='word_1_207' title='bbox 378 2596 568 2674; x_wconf 86' lang='grc' dir='ltr'><strong><em>προσμεῖναι</em></strong></span> <span class='ocrx_word' id='word_1_208' title='bbox 599 2590 669 2653; x_wconf 81' lang='grc' dir='ltr'><strong><em>ἐκεῖ</em></strong></span> <span class='ocrx_word' id='word_1_209' title='bbox 692 2590 753 2663; x_wconf 73' lang='grc' dir='ltr'>ἕως</span> <span class='ocrx_word' id='word_1_210' title='bbox 779 2580 818 2654; x_wconf 79' lang='grc' dir='ltr'>οὗ</span> <span class='ocrx_word' id='word_1_211' title='bbox 844 2588 963 2670; x_wconf 73' lang='grc' dir='ltr'><strong><em>ὶλλωμεν</em></strong></span> <span class='ocrx_word' id='word_1_212' title='bbox 987 2586 1022 2652; x_wconf 81' lang='grc' dir='ltr'>τὸ</span> <span class='ocrx_word' id='word_1_213' title='bbox 1040 2589 1165 2669; x_wconf 82' lang='grc' dir='ltr'><strong><em>μέλλον.</em></strong></span> <span class='ocrx_word' id='word_1_214' title='bbox 1206 2586 1315 2652; x_wconf 72' lang='lat' dir='ltr'>sosid‘</span> 
     </span>
    </p>
   </div>
   <div class='ocr_carea' id='block_1_3' title="bbox 291 2779 562 2853">
    <p class='ocr_par' dir='ltr' id='par_1_3' title="bbox 291 2779 562 2853">
     <span class='ocr_line' id='line_1_25' title="bbox 291 2779 562 2853; baseline 0.007 -19"><span class='ocrx_word' id='word_1_215' title='bbox 291 2781 317 2834; x_wconf 88' lang='grc'>8.</span> <span class='ocrx_word' id='word_1_216' title='bbox 336 2779 423 2853; x_wconf 83' lang='grc' dir='ltr'><strong><em>πόρκο</em></strong></span> <span class='ocrx_word' id='word_1_217' title='bbox 441 2780 525 2853; x_wconf 87' lang='grc' dir='ltr'><strong><em>λόγκο</em></strong></span> <span class='ocrx_word' id='word_1_218' title='bbox 542 2783 562 2836; x_wconf 84' lang='grc' dir='ltr'>Ρ</span> 
     </span>
    </p>
   </div>
   <div class='ocr_carea' id='block_1_4' title="bbox 215 2926 1314 4134">
    <p class='ocr_par' dir='ltr' id='par_1_4' title="bbox 215 2926 1314 4134">
     <span class='ocr_line' id='line_1_26' title="bbox 218 2926 1314 3002; baseline -0.005 -20"><span class='ocrx_word' id='word_1_219' title='bbox 218 2930 322 2982; x_wconf 90' lang='lat' dir='ltr'>emissis</span> <span class='ocrx_word' id='word_1_220' title='bbox 339 2929 504 2996; x_wconf 88' lang='lat' dir='ltr'>visceribus,</span> <span class='ocrx_word' id='word_1_221' title='bbox 522 2930 639 2983; x_wconf 89' lang='lat' dir='ltr'>animam</span> <span class='ocrx_word' id='word_1_222' title='bbox 658 2931 816 3002; x_wconf 75' lang='lat' dir='ltr'>exspiravit,</span> <span class='ocrx_word' id='word_1_223' title='bbox 840 2947 872 2982; x_wconf 88' lang='lat' dir='ltr'>ac</span> <span class='ocrx_word' id='word_1_224' title='bbox 888 2928 997 2984; x_wconf 85' lang='lat' dir='ltr'>transiit</span> <span class='ocrx_word' id='word_1_225' title='bbox 1012 2930 1043 2982; x_wconf 90' lang='lat' dir='ltr'>ia</span> <span class='ocrx_word' id='word_1_226' title='bbox 1060 2928 1188 2981; x_wconf 84' lang='lat' dir='ltr'>viciniam</span> <span class='ocrx_word' id='word_1_227' title='bbox 1205 2926 1314 2980; x_wconf 76' lang='lat' dir='ltr'>snoru-</span> 
     </span>
     <span class='ocr_line' id='line_1_27' title="bbox 218 2997 1314 3073; baseline -0.005 -19"><span class='ocrx_word' id='word_1_228' title='bbox 218 3018 265 3054; x_wconf 84' lang='lat' dir='ltr'>sae</span> <span class='ocrx_word' id='word_1_229' title='bbox 287 3009 315 3053; x_wconf 86' lang='lat' dir='ltr'>et</span> <span class='ocrx_word' id='word_1_230' title='bbox 334 3002 461 3055; x_wconf 86' lang='lat' dir='ltr'>Ithomes.</span> <span class='ocrx_word' id='word_1_231' title='bbox 496 3001 539 3053; x_wconf 91' lang='lat' dir='ltr'>his</span> <span class='ocrx_word' id='word_1_232' title='bbox 560 3019 668 3072; x_wconf 90' lang='lat' dir='ltr'>quoque</span> <span class='ocrx_word' id='word_1_233' title='bbox 687 3002 796 3073; x_wconf 77' lang='lat' dir='ltr'><strong>oppidis</strong></span> <span class='ocrx_word' id='word_1_234' title='bbox 819 3018 879 3054; x_wconf 90' lang='lat' dir='ltr'>cum</span> <span class='ocrx_word' id='word_1_235' title='bbox 900 3003 973 3054; x_wconf 91' lang='lat' dir='ltr'>omni</span> <span class='ocrx_word' id='word_1_236' title='bbox 998 3001 1109 3069; x_wconf 80' lang='lat' dir='ltr'>regione</span> <span class='ocrx_word' id='word_1_237' title='bbox 1133 2997 1252 3051; x_wconf 85' lang='lat' dir='ltr'>finitima</span> <span class='ocrx_word' id='word_1_238' title='bbox 1269 3015 1314 3049; x_wconf 86' lang='lat' dir='ltr'>oe·</span> 
     </span>
     <span class='ocr_line' id='line_1_28' title="bbox 218 3070 1314 3144; baseline -0.007 -19"><span class='ocrx_word' id='word_1_239' title='bbox 218 3073 333 3142; x_wconf 89' lang='lat' dir='ltr'>cupatis,</span> <span class='ocrx_word' id='word_1_240' title='bbox 345 3073 478 3125; x_wconf 85' lang='lat' dir='ltr'>Coronam</span> <span class='ocrx_word' id='word_1_241' title='bbox 494 3075 582 3127; x_wconf 84' lang='lat' dir='ltr'>visum</span> <span class='ocrx_word' id='word_1_242' title='bbox 599 3072 677 3136; x_wconf 87' lang='lat' dir='ltr'>abiit,</span> <span class='ocrx_word' id='word_1_243' title='bbox 698 3082 781 3144; x_wconf 89' lang='lat' dir='ltr'>atque</span> <span class='ocrx_word' id='word_1_244' title='bbox 799 3073 864 3125; x_wconf 89' lang='lat' dir='ltr'>inde</span> <span class='ocrx_word' id='word_1_245' title='bbox 878 3090 968 3124; x_wconf 87' lang='lat' dir='ltr'>rursus</span> <span class='ocrx_word' id='word_1_246' title='bbox 984 3071 1145 3124; x_wconf 89' lang='lat' dir='ltr'>Mothonam</span> <span class='ocrx_word' id='word_1_247' title='bbox 1157 3070 1269 3122; x_wconf 86' lang='lat' dir='ltr'>traiecit</span> <span class='ocrx_word' id='word_1_248' title='bbox 1285 3085 1314 3118; x_wconf 86' lang='lat' dir='ltr'>se</span> 
     </span>
     <span class='ocr_line' id='line_1_29' title="bbox 217 3140 1313 3214; baseline -0.004 -21"><span class='ocrx_word' id='word_1_249' title='bbox 217 3144 312 3210; x_wconf 81' lang='lat' dir='ltr'><strong>Pylum</strong></span> <span class='ocrx_word' id='word_1_250' title='bbox 338 3145 393 3196; x_wconf 88' lang='lat' dir='ltr'>sive</span> <span class='ocrx_word' id='word_1_251' title='bbox 416 3144 575 3197; x_wconf 78' lang='lat' dir='ltr'>Abarinurn.</span> <span class='ocrx_word' id='word_1_252' title='bbox 620 3161 676 3214; x_wconf 90' lang='lat' dir='ltr'>quo</span> <span class='ocrx_word' id='word_1_253' title='bbox 703 3143 748 3195; x_wconf 86' lang='lat' dir='ltr'>die</span> <span class='ocrx_word' id='word_1_254' title='bbox 774 3145 856 3197; x_wconf 88' lang='lat' dir='ltr'>etiam</span> <span class='ocrx_word' id='word_1_255' title='bbox 879 3143 999 3197; x_wconf 78' lang='lat' dir='ltr'><strong>Thomas</strong></span> <span class='ocrx_word' id='word_1_256' title='bbox 1018 3142 1150 3212; x_wconf 76' lang='lat' dir='ltr'><strong>despota,</strong></span> <span class='ocrx_word' id='word_1_257' title='bbox 1170 3140 1313 3192; x_wconf 82' lang='lat' dir='ltr'>exstructis</span> 
     </span>
     <span class='ocr_line' id='line_1_30' title="bbox 218 3214 1313 3286; baseline -0.005 -21"><span class='ocrx_word' id='word_1_258' title='bbox 218 3223 282 3266; x_wconf 86' lang='lat' dir='ltr'>ante</span> <span class='ocrx_word' id='word_1_259' title='bbox 300 3215 424 3279; x_wconf 84' lang='lat' dir='ltr'>navibus,</span> <span class='ocrx_word' id='word_1_260' title='bbox 444 3231 459 3266; x_wconf 91' lang='lat' dir='ltr'>e</span> <span class='ocrx_word' id='word_1_261' title='bbox 478 3215 668 3286; x_wconf 77' lang='lat' dir='ltr'><strong>Peloponneso</strong></span> <span class='ocrx_word' id='word_1_262' title='bbox 695 3214 818 3267; x_wconf 77' lang='lat' dir='ltr'>discessit</span> <span class='ocrx_word' id='word_1_263' title='bbox 845 3224 874 3267; x_wconf 90' lang='lat' dir='ltr'>et</span> <span class='ocrx_word' id='word_1_264' title='bbox 902 3215 937 3266; x_wconf 87' lang='lat' dir='ltr'>ad</span> <span class='ocrx_word' id='word_1_265' title='bbox 959 3222 1068 3286; x_wconf 86' lang='lat' dir='ltr'>portum</span> <span class='ocrx_word' id='word_1_266' title='bbox 1093 3214 1215 3279; x_wconf 82' lang='lat' dir='ltr'>longum,</span> <span class='ocrx_word' id='word_1_267' title='bbox 1233 3225 1313 3281; x_wconf 86' lang='lat' dir='ltr'>quem</span> 
     </span>
     <span class='ocr_line' id='line_1_31' title="bbox 217 3280 1312 3354; baseline -0.003 -20"><span class='ocrx_word' id='word_1_268' title='bbox 217 3285 280 3336; x_wconf 89' lang='lat' dir='ltr'>ltali</span> <span class='ocrx_word' id='word_1_269' title='bbox 300 3284 404 3348; x_wconf 83' lang='lat' dir='ltr'>dicunt,</span> <span class='ocrx_word' id='word_1_270' title='bbox 422 3287 561 3354; x_wconf 78' lang='lat' dir='ltr'>proiectus</span> <span class='ocrx_word' id='word_1_271' title='bbox 580 3294 630 3349; x_wconf 88' lang='lat' dir='ltr'>est,</span> <span class='ocrx_word' id='word_1_272' title='bbox 650 3286 767 3348; x_wconf 87' lang='lat' dir='ltr'>atinde,</span> <span class='ocrx_word' id='word_1_273' title='bbox 785 3285 910 3338; x_wconf 80' lang='lat' dir='ltr'>idoneam</span> <span class='ocrx_word' id='word_1_274' title='bbox 921 3294 1015 3337; x_wconf 89' lang='lat' dir='ltr'>nactus</span> <span class='ocrx_word' id='word_1_275' title='bbox 1034 3291 1235 3353; x_wconf 80' lang='lat' dir='ltr'>tempestatem,</span> <span class='ocrx_word' id='word_1_276' title='bbox 1248 3280 1312 3333; x_wconf 87' lang='lat' dir='ltr'>Cor-</span> 
     </span>
     <span class='ocr_line' id='line_1_32' title="bbox 216 3346 1313 3427; baseline -0.002 -23"><span class='ocrx_word' id='word_1_277' title='bbox 216 3371 307 3422; x_wconf 82' lang='lat' dir='ltr'>cyram</span> <span class='ocrx_word' id='word_1_278' title='bbox 323 3357 469 3424; x_wconf 78' lang='lat' dir='ltr'>navigaret.</span> <span class='ocrx_word' id='word_1_279' title='bbox 505 3358 544 3409; x_wconf 87' lang='lat' dir='ltr'>ita</span> <span class='ocrx_word' id='word_1_280' title='bbox 562 3355 663 3408; x_wconf 82' lang='lat' dir='ltr'>sactum</span> <span class='ocrx_word' id='word_1_281' title='bbox 681 3365 730 3421; x_wconf 83' lang='lat' dir='ltr'>est,</span> <span class='ocrx_word' id='word_1_282' title='bbox 741 3358 919 3427; x_wconf 80' lang='lat' dir='ltr'>pervenitque</span> <span class='ocrx_word' id='word_1_283' title='bbox 938 3356 983 3407; x_wconf 90' lang='lat' dir='ltr'>die</span> <span class='ocrx_word' id='word_1_284' title='bbox 1001 3355 1101 3407; x_wconf 88' lang='lat' dir='ltr'>mensis</span> <span class='ocrx_word' id='word_1_285' title='bbox 1113 3346 1177 3406; x_wconf 81' lang='lat' dir='ltr'>lu&#39;lii</span> <span class='ocrx_word' id='word_1_286' title='bbox 1195 3355 1231 3404; x_wconf 83' lang='lat'>28</span> <span class='ocrx_word' id='word_1_287' title='bbox 1248 3353 1313 3404; x_wconf 85' lang='lat' dir='ltr'>Cor-</span> 
     </span>
     <span class='ocr_line' id='line_1_33' title="bbox 217 3422 1310 3499; baseline -0.003 -23"><span class='ocrx_word' id='word_1_288' title='bbox 217 3442 316 3492; x_wconf 82' lang='lat' dir='ltr'>cyram.</span> <span class='ocrx_word' id='word_1_289' title='bbox 352 3443 403 3478; x_wconf 88' lang='lat' dir='ltr'>nos</span> <span class='ocrx_word' id='word_1_290' title='bbox 423 3444 534 3498; x_wconf 88' lang='lat' dir='ltr'>quoque</span> <span class='ocrx_word' id='word_1_291' title='bbox 555 3429 692 3496; x_wconf 82' lang='lat' dir='ltr'>navigium</span> <span class='ocrx_word' id='word_1_292' title='bbox 712 3426 809 3479; x_wconf 83' lang='lat' dir='ltr'>eodem</span> <span class='ocrx_word' id='word_1_293' title='bbox 826 3429 1011 3499; x_wconf 86' lang='lat' dir='ltr'>profecturum</span> <span class='ocrx_word' id='word_1_294' title='bbox 1028 3428 1110 3489; x_wconf 88' lang='lat' dir='ltr'>nacti,</span> <span class='ocrx_word' id='word_1_295' title='bbox 1128 3424 1193 3475; x_wconf 90' lang='lat' dir='ltr'>lulli</span> <span class='ocrx_word' id='word_1_296' title='bbox 1216 3422 1264 3474; x_wconf 90' lang='lat' dir='ltr'>dis</span> <span class='ocrx_word' id='word_1_297' title='bbox 1285 3436 1310 3473; x_wconf 82' lang='grc' dir='ltr'>ιι</span> 
     </span>
     <span class='ocr_line' id='line_1_34' title="bbox 217 3493 1313 3569; baseline -0.001 -24"><span class='ocrx_word' id='word_1_298' title='bbox 217 3495 364 3558; x_wconf 87' lang='lat' dir='ltr'>solvimus,</span> <span class='ocrx_word' id='word_1_299' title='bbox 382 3497 457 3565; x_wconf 89' lang='lat' dir='ltr'>quod</span> <span class='ocrx_word' id='word_1_300' title='bbox 478 3505 585 3568; x_wconf 86' lang='lat' dir='ltr'>praeter</span> <span class='ocrx_word' id='word_1_301' title='bbox 605 3499 723 3569; x_wconf 86' lang='lat' dir='ltr'>reliquas</span> <span class='ocrx_word' id='word_1_302' title='bbox 740 3500 862 3551; x_wconf 81' lang='lat' dir='ltr'>miserias</span> <span class='ocrx_word' id='word_1_303' title='bbox 879 3499 1010 3568; x_wconf 80' lang='lat' dir='ltr'>pestilera</span> <span class='ocrx_word' id='word_1_304' title='bbox 1029 3498 1088 3548; x_wconf 91' lang='lat' dir='ltr'>lues</span> <span class='ocrx_word' id='word_1_305' title='bbox 1099 3494 1255 3547; x_wconf 82' lang='lat' dir='ltr'>Mothonen</span> <span class='ocrx_word' id='word_1_306' title='bbox 1273 3493 1313 3543; x_wconf 90' lang='lat' dir='ltr'>in·</span> 
     </span>
     <span class='ocr_line' id='line_1_35' title="bbox 216 3564 1312 3637; baseline -0.002 -21"><span class='ocrx_word' id='word_1_307' title='bbox 216 3573 339 3629; x_wconf 84' lang='lat' dir='ltr'>vaserat,</span> <span class='ocrx_word' id='word_1_308' title='bbox 357 3573 386 3617; x_wconf 91' lang='lat' dir='ltr'>et</span> <span class='ocrx_word' id='word_1_309' title='bbox 401 3564 486 3620; x_wconf 85' lang='lat' dir='ltr'>delati</span> <span class='ocrx_word' id='word_1_310' title='bbox 505 3585 595 3621; x_wconf 89' lang='lat' dir='ltr'>sumus</span> <span class='ocrx_word' id='word_1_311' title='bbox 614 3569 756 3636; x_wconf 83' lang='lat' dir='ltr'>Corcyram</span> <span class='ocrx_word' id='word_1_312' title='bbox 775 3570 821 3621; x_wconf 87' lang='lat' dir='ltr'>die</span> <span class='ocrx_word' id='word_1_313' title='bbox 839 3584 854 3619; x_wconf 81' lang='lat' dir='ltr'>a</span> <span class='ocrx_word' id='word_1_314' title='bbox 873 3569 996 3637; x_wconf 80' lang='lat' dir='ltr'>Augusti.</span> <span class='ocrx_word' id='word_1_315' title='bbox 1032 3574 1091 3618; x_wconf 88' lang='lat' dir='ltr'>erat</span> <span class='ocrx_word' id='word_1_316' title='bbox 1114 3573 1206 3618; x_wconf 88' lang='lat' dir='ltr'>antem</span> <span class='ocrx_word' id='word_1_317' title='bbox 1227 3564 1312 3616; x_wconf 87' lang='lat' dir='ltr'>eonsi-</span> 
     </span>
     <span class='ocr_line' id='line_1_36' title="bbox 216 3634 1313 3711; baseline -0.002 -23"><span class='ocrx_word' id='word_1_318' title='bbox 216 3637 286 3688; x_wconf 88' lang='lat' dir='ltr'>lium</span> <span class='ocrx_word' id='word_1_319' title='bbox 314 3635 379 3688; x_wconf 89' lang='lat' dir='ltr'>inde</span> <span class='ocrx_word' id='word_1_320' title='bbox 406 3637 436 3688; x_wconf 89' lang='lat' dir='ltr'>in</span> <span class='ocrx_word' id='word_1_321' title='bbox 454 3637 559 3691; x_wconf 86' lang='lat' dir='ltr'>Cretam</span> <span class='ocrx_word' id='word_1_322' title='bbox 576 3640 621 3690; x_wconf 90' lang='lat' dir='ltr'>vel</span> <span class='ocrx_word' id='word_1_323' title='bbox 638 3641 799 3692; x_wconf 87' lang='lat' dir='ltr'>Berrhoesm</span> <span class='ocrx_word' id='word_1_324' title='bbox 818 3656 904 3711; x_wconf 91' lang='lat' dir='ltr'>prope</span> <span class='ocrx_word' id='word_1_325' title='bbox 924 3637 1148 3692; x_wconf 84' lang='lat' dir='ltr'>Thessalonicam</span> <span class='ocrx_word' id='word_1_326' title='bbox 1165 3634 1313 3708; x_wconf 85' lang='lat' dir='ltr'>proficisci,</span> 
     </span>
     <span class='ocr_line' id='line_1_37' title="bbox 216 3706 1313 3782; baseline -0.003 -24"><span class='ocrx_word' id='word_1_327' title='bbox 216 3708 348 3777; x_wconf 87' lang='lat' dir='ltr'>qnoniam</span> <span class='ocrx_word' id='word_1_328' title='bbox 358 3706 417 3758; x_wconf 86' lang='lat' dir='ltr'>illio</span> <span class='ocrx_word' id='word_1_329' title='bbox 432 3711 625 3761; x_wconf 88' lang='lat' dir='ltr'>monasterium</span> <span class='ocrx_word' id='word_1_330' title='bbox 637 3710 847 3782; x_wconf 88' lang='lat' dir='ltr'>pulcherrimum</span> <span class='ocrx_word' id='word_1_331' title='bbox 860 3717 926 3774; x_wconf 88' lang='lat' dir='ltr'>erat,</span> <span class='ocrx_word' id='word_1_332' title='bbox 945 3711 974 3761; x_wconf 91' lang='lat' dir='ltr'>in</span> <span class='ocrx_word' id='word_1_333' title='bbox 985 3710 1116 3762; x_wconf 86' lang='lat' dir='ltr'>honorem</span> <span class='ocrx_word' id='word_1_334' title='bbox 1136 3708 1225 3759; x_wconf 83' lang='lat' dir='ltr'>sancti</span> <span class='ocrx_word' id='word_1_335' title='bbox 1234 3708 1313 3759; x_wconf 84' lang='lat' dir='ltr'>Nico·</span> 
     </span>
     <span class='ocr_line' id='line_1_38' title="bbox 216 3776 1313 3846; baseline -0.004 -17"><span class='ocrx_word' id='word_1_336' title='bbox 216 3779 255 3830; x_wconf 91' lang='lat' dir='ltr'>lai</span> <span class='ocrx_word' id='word_1_337' title='bbox 271 3777 305 3830; x_wconf 88' lang='lat' dir='ltr'>ab</span> <span class='ocrx_word' id='word_1_338' title='bbox 324 3795 374 3830; x_wconf 83' lang='lat' dir='ltr'>avo</span> <span class='ocrx_word' id='word_1_339' title='bbox 392 3795 453 3830; x_wconf 90' lang='lat' dir='ltr'>meo</span> <span class='ocrx_word' id='word_1_340' title='bbox 470 3788 592 3834; x_wconf 77' lang='lat' dir='ltr'>materno</span> <span class='ocrx_word' id='word_1_341' title='bbox 611 3797 627 3831; x_wconf 87' lang='lat' dir='ltr'>a</span> <span class='ocrx_word' id='word_1_342' title='bbox 648 3782 832 3835; x_wconf 80' lang='lat' dir='ltr'>fundamentis</span> <span class='ocrx_word' id='word_1_343' title='bbox 853 3789 1026 3835; x_wconf 81' lang='lat' dir='ltr'>exstructum.</span> <span class='ocrx_word' id='word_1_344' title='bbox 1063 3779 1197 3846; x_wconf 78' lang='lat' dir='ltr'>Georgius</span> <span class='ocrx_word' id='word_1_345' title='bbox 1217 3776 1313 3828; x_wconf 81' lang='lat' dir='ltr'>llaulus</span> 
     </span>
     <span class='ocr_line' id='line_1_39' title="bbox 216 3849 1313 3923; baseline -0.002 -23"><span class='ocrx_word' id='word_1_346' title='bbox 216 3856 308 3903; x_wconf 87' lang='lat' dir='ltr'>autem</span> <span class='ocrx_word' id='word_1_347' title='bbox 326 3858 355 3902; x_wconf 88' lang='lat' dir='ltr'>et</span> <span class='ocrx_word' id='word_1_348' title='bbox 371 3866 454 3919; x_wconf 76' lang='lat' dir='ltr'>gener</span> <span class='ocrx_word' id='word_1_349' title='bbox 472 3858 501 3903; x_wconf 86' lang='lat' dir='ltr'>et</span> <span class='ocrx_word' id='word_1_350' title='bbox 518 3850 575 3902; x_wconf 88' lang='lat' dir='ltr'>lilia</span> <span class='ocrx_word' id='word_1_351' title='bbox 595 3852 671 3915; x_wconf 89' lang='lat' dir='ltr'>eius,</span> <span class='ocrx_word' id='word_1_352' title='bbox 692 3862 756 3905; x_wconf 88' lang='lat' dir='ltr'>ante</span> <span class='ocrx_word' id='word_1_353' title='bbox 773 3853 840 3903; x_wconf 88' lang='lat' dir='ltr'>illuc</span> <span class='ocrx_word' id='word_1_354' title='bbox 864 3852 997 3923; x_wconf 83' lang='lat' dir='ltr'>profecti,</span> <span class='ocrx_word' id='word_1_355' title='bbox 1015 3849 1210 3902; x_wconf 89' lang='lat' dir='ltr'>consobrinum</span> <span class='ocrx_word' id='word_1_356' title='bbox 1229 3863 1313 3907; x_wconf 73' lang='lat' dir='ltr'>sunu,</span> 
     </span>
     <span class='ocr_line' id='line_1_40' title="bbox 216 3919 1313 4039; baseline -0.003 -68"><span class='ocrx_word' id='word_1_357' title='bbox 216 3922 265 4039; x_wconf 60' lang='lat' dir='ltr'>pul</span> <span class='ocrx_word' id='word_1_358' title='bbox 284 3919 422 3992; x_wconf 86' lang='lat' dir='ltr'>quondam</span> <span class='ocrx_word' id='word_1_359' title='bbox 440 3938 517 3974; x_wconf 88' lang='lat' dir='ltr'>meus</span> <span class='ocrx_word' id='word_1_360' title='bbox 536 3928 594 3973; x_wconf 90' lang='lat' dir='ltr'>erat</span> <span class='ocrx_word' id='word_1_361' title='bbox 612 3922 718 3974; x_wconf 83' lang='lat' dir='ltr'>iuturus</span> <span class='ocrx_word' id='word_1_362' title='bbox 733 3939 824 3992; x_wconf 78' lang='lat' dir='ltr'>gener,</span> <span class='ocrx_word' id='word_1_363' title='bbox 841 3923 985 3975; x_wconf 87' lang='lat' dir='ltr'>Nicolaum</span> <span class='ocrx_word' id='word_1_364' title='bbox 1000 3921 1196 3983; x_wconf 83' lang='lat' dir='ltr'>Melissenum,</span> <span class='ocrx_word' id='word_1_365' title='bbox 1216 3928 1249 3970; x_wconf 91' lang='lat' dir='ltr'>ut</span> <span class='ocrx_word' id='word_1_366' title='bbox 1267 3933 1313 3968; x_wconf 85' lang='lat' dir='ltr'>eo·</span> 
     </span>
     <span class='ocr_line' id='line_1_41' title="bbox 237 3990 1311 4064; baseline -0.002 -24"><span class='ocrx_word' id='word_1_367' title='bbox 237 4007 279 4040; x_wconf 88' lang='lat' dir='ltr'>em</span> <span class='ocrx_word' id='word_1_368' title='bbox 300 3991 461 4056; x_wconf 80' lang='lat' dir='ltr'>discederet,</span> <span class='ocrx_word' id='word_1_369' title='bbox 479 3990 613 4046; x_wconf 88' lang='lat' dir='ltr'>cohortati</span> <span class='ocrx_word' id='word_1_370' title='bbox 633 4002 718 4056; x_wconf 86' lang='lat' dir='ltr'>erant,</span> <span class='ocrx_word' id='word_1_371' title='bbox 736 4003 819 4064; x_wconf 91' lang='lat' dir='ltr'>atque</span> <span class='ocrx_word' id='word_1_372' title='bbox 838 3993 883 4045; x_wconf 87' lang='lat' dir='ltr'>hie</span> <span class='ocrx_word' id='word_1_373' title='bbox 904 4011 994 4045; x_wconf 90' lang='lat' dir='ltr'>rursus</span> <span class='ocrx_word' id='word_1_374' title='bbox 1011 3991 1078 4044; x_wconf 89' lang='lat' dir='ltr'>mihi</span> <span class='ocrx_word' id='word_1_375' title='bbox 1096 3990 1171 4043; x_wconf 86' lang='lat' dir='ltr'>idern</span> <span class='ocrx_word' id='word_1_376' title='bbox 1184 3994 1311 4043; x_wconf 82' lang='lat' dir='ltr'>suaserat</span> 
     </span>
     <span class='ocr_line' id='line_1_42' title="bbox 215 4060 1312 4134; baseline 0.001 -24"><span class='ocrx_word' id='word_1_377' title='bbox 215 4061 310 4129; x_wconf 83' lang='lat' dir='ltr'>itaque</span> <span class='ocrx_word' id='word_1_378' title='bbox 334 4071 362 4115; x_wconf 87' lang='lat' dir='ltr'>et</span> <span class='ocrx_word' id='word_1_379' title='bbox 380 4063 494 4134; x_wconf 87' lang='lat' dir='ltr'>despota</span> <span class='ocrx_word' id='word_1_380' title='bbox 512 4071 540 4115; x_wconf 87' lang='lat' dir='ltr'>et</span> <span class='ocrx_word' id='word_1_381' title='bbox 559 4063 673 4134; x_wconf 87' lang='lat' dir='ltr'>reliquis</span> <span class='ocrx_word' id='word_1_382' title='bbox 690 4063 749 4116; x_wconf 88' lang='lat' dir='ltr'>illie</span> <span class='ocrx_word' id='word_1_383' title='bbox 768 4064 1006 4128; x_wconf 87' lang='lat' dir='ltr'>commorantibus,</span> <span class='ocrx_word' id='word_1_384' title='bbox 1026 4080 1076 4114; x_wconf 89' lang='lat' dir='ltr'>nos</span> <span class='ocrx_word' id='word_1_385' title='bbox 1097 4077 1212 4134; x_wconf 87' lang='lat' dir='ltr'>quoque</span> <span class='ocrx_word' id='word_1_386' title='bbox 1229 4060 1312 4112; x_wconf 81' lang='lat' dir='ltr'>abivi-</span> 
     </span>
    </p>
   </div>
   <div class='ocr_carea' id='block_1_5' title="bbox 125 4132 1312 4206">
    <p class='ocr_par' dir='ltr' id='par_1_5' title="bbox 125 4132 1312 4206">
     <span class='ocr_line' id='line_1_43' title="bbox 125 4132 1312 4206; baseline 0.003 -23"><span class='ocrx_word' id='word_1_387' title='bbox 125 4186 132 4201; x_wconf 42' lang='lat'><strong><em>⁴</em></strong></span> <span class='ocrx_word' id='word_1_388' title='bbox 215 4147 284 4196; x_wconf 87' lang='lat' dir='ltr'>mus,</span> <span class='ocrx_word' id='word_1_389' title='bbox 301 4135 493 4204; x_wconf 82' lang='lat' dir='ltr'>exspectaturi,</span> <span class='ocrx_word' id='word_1_390' title='bbox 514 4134 582 4206; x_wconf 88' lang='lat' dir='ltr'>quid</span> <span class='ocrx_word' id='word_1_391' title='bbox 603 4135 724 4189; x_wconf 78' lang='lat' dir='ltr'>suturam</span> <span class='ocrx_word' id='word_1_392' title='bbox 744 4143 824 4189; x_wconf 88' lang='lat' dir='ltr'>esset.</span> <span class='ocrx_word' id='word_1_393' title='bbox 859 4136 969 4190; x_wconf 87' lang='lat' dir='ltr'>interim</span> <span class='ocrx_word' id='word_1_394' title='bbox 986 4150 1098 4199; x_wconf 77' lang='lat' dir='ltr'>emeras,</span> <span class='ocrx_word' id='word_1_395' title='bbox 1117 4140 1255 4206; x_wconf 83' lang='lat' dir='ltr'>occupata</span> <span class='ocrx_word' id='word_1_396' title='bbox 1266 4132 1312 4186; x_wconf 72' lang='lat' dir='ltr'>dr-</span> 
     </span>
    </p>
   </div>
   <div class='ocr_carea' id='block_1_6' title="bbox 0 0 1384 5084">
    <p class='ocr_par' dir='ltr' id='par_1_6' title="bbox 0 0 1384 5084">
     <span class='ocr_line' id='line_1_44' title="bbox 0 0 1384 5084; baseline 0 0"><span class='ocrx_word' id='word_1_397' title='bbox 0 0 1384 5084; x_wconf 95' lang='lat' dir='ltr'> </span> 
     </span>
    </p>
   </div>
  </div>
 </body>
</html>
