<?xml version="1.0" encoding="UTF-8"?>
<!DOCTYPE html PUBLIC "-//W3C//DTD XHTML 1.0 Transitional//EN"
    "http://www.w3.org/TR/xhtml1/DTD/xhtml1-transitional.dtd">
<html xmlns="http://www.w3.org/1999/xhtml" xml:lang="en" lang="en">
 <head>
  <title>
</title>
<meta http-equiv="Content-Type" content="text/html;charset=utf-8" />
  <meta name='ocr-system' content='tesseract 3.04.00' />
  <meta name='ocr-capabilities' content='ocr_page ocr_carea ocr_par ocr_line ocrx_word'/>
</head>
<body>
  <div class='ocr_page' id='page_1' title='image "./georgiusphrantz00bekkgoog_0517.png"; bbox 0 0 2724 5114; ppageno 0'>
   <div class='ocr_carea' id='block_1_1' title="bbox 204 230 996 334">
    <p class='ocr_par' dir='ltr' id='par_1_1' title="bbox 204 230 996 334">
     <span class='ocr_line' id='line_1_1' title="bbox 204 230 996 334; baseline -0.005 -17"><span class='ocrx_word' id='word_1_1' title='bbox 204 230 289 334; x_wconf 69' lang='lat'>504</span> <span class='ocrx_word' id='word_1_2' title='bbox 513 253 680 318; x_wconf 78' lang='lat' dir='ltr'>romnis</span> <span class='ocrx_word' id='word_1_3' title='bbox 719 249 996 317; x_wconf 73' lang='lat' dir='ltr'>ruionosrin</span> 
     </span>
    </p>
   </div>
   <div class='ocr_carea' id='block_1_2' title="bbox 39 413 1336 2788">
    <p class='ocr_par' dir='ltr' id='par_1_2' title="bbox 198 413 1305 800">
     <span class='ocr_line' id='line_1_2' title="bbox 198 413 1305 510; baseline -0.009 -20"><span class='ocrx_word' id='word_1_4' title='bbox 198 422 317 510; x_wconf 78' lang='grc' dir='ltr'><em>ἔφοδον</em></span> <span class='ocrx_word' id='word_1_5' title='bbox 347 420 622 506; x_wconf 72' lang='grc' dir='ltr'><em>ἀποκρούσασθαι.</em></span> <span class='ocrx_word' id='word_1_6' title='bbox 650 417 741 499; x_wconf 79' lang='grc' dir='ltr'><em>ἡμεῖς</em></span> <span class='ocrx_word' id='word_1_7' title='bbox 761 418 790 478; x_wconf 87' lang='lat' dir='ltr'>rl&#39;</span> <span class='ocrx_word' id='word_1_8' title='bbox 811 414 924 498; x_wconf 88' lang='grc' dir='ltr'><em>σ’λίγοι,</em></span> <span class='ocrx_word' id='word_1_9' title='bbox 943 417 998 481; x_wconf 81' lang='grc' dir='ltr'>καί</span> <span class='ocrx_word' id='word_1_10' title='bbox 1016 416 1099 499; x_wconf 79' lang='grc' dir='ltr'><em>μηδὲ</em></span> <span class='ocrx_word' id='word_1_11' title='bbox 1120 413 1238 491; x_wconf 80' lang='grc' dir='ltr'><em>πάντες</em></span> <span class='ocrx_word' id='word_1_12' title='bbox 1255 417 1305 480; x_wconf 86' lang='grc' dir='ltr'><em>ε’πί</em></span> 
     </span>
     <span class='ocr_line' id='line_1_3' title="bbox 198 512 1304 604; baseline -0.01 -15"><span class='ocrx_word' id='word_1_13' title='bbox 198 529 262 589; x_wconf 72' lang='grc' dir='ltr'><em>τοῖν</em></span> <span class='ocrx_word' id='word_1_14' title='bbox 275 526 389 604; x_wconf 78' lang='grc' dir='ltr'><em>τειχῶν</em></span> <span class='ocrx_word' id='word_1_15' title='bbox 407 525 448 584; x_wconf 91' lang='grc' dir='ltr'><em>δι’</em></span> <span class='ocrx_word' id='word_1_16' title='bbox 459 519 499 604; x_wconf 77' lang='grc' dir='ltr'>ἣν</span> <span class='ocrx_word' id='word_1_17' title='bbox 513 517 619 584; x_wconf 84' lang='grc' dir='ltr'><em>αἰτίαν</em></span> <span class='ocrx_word' id='word_1_18' title='bbox 632 516 738 599; x_wconf 82' lang='grc' dir='ltr'><em>ὀλίγον</em></span> <span class='ocrx_word' id='word_1_19' title='bbox 756 514 906 600; x_wconf 83' lang='grc' dir='ltr'><em>πρότερον</em></span> <span class='ocrx_word' id='word_1_20' title='bbox 917 513 1134 598; x_wconf 68' lang='grc' dir='ltr'><em>ἐδηλώσαμεν,</em></span> <span class='ocrx_word' id='word_1_21' title='bbox 1147 512 1304 599; x_wconf 59' lang='lat' dir='ltr'>drop-serpi-</span> 
     </span>
     <span class='ocr_line' id='line_1_4' title="bbox 199 605 1303 704; baseline -0.007 -19"><span class='ocrx_word' id='word_1_22' title='bbox 199 628 288 704; x_wconf 85' lang='grc' dir='ltr'><em>μεθα</em></span> <span class='ocrx_word' id='word_1_23' title='bbox 311 605 371 702; x_wconf 78' lang='grc' dir='ltr'>μέν</span> <span class='ocrx_word' id='word_1_24' title='bbox 391 619 447 684; x_wconf 82' lang='grc' dir='ltr'>καί</span> <span class='ocrx_word' id='word_1_25' title='bbox 468 619 549 700; x_wconf 71' lang='grc' dir='ltr'><em>ὑπὲρ</em></span> <span class='ocrx_word' id='word_1_26' title='bbox 574 615 632 700; x_wconf 72' lang='grc' dir='ltr'>τὴν</span> <span class='ocrx_word' id='word_1_27' title='bbox 652 617 799 696; x_wconf 74' lang='grc' dir='ltr'><em>δύναμιν,</em></span> <span class='ocrx_word' id='word_1_28' title='bbox 825 616 919 678; x_wconf 85' lang='grc' dir='ltr'><em>ου’δὲν</em></span> <span class='ocrx_word' id='word_1_29' title='bbox 939 617 976 677; x_wconf 82' lang='grc' dir='ltr'>δὲ</span> <span class='ocrx_word' id='word_1_30' title='bbox 998 613 1039 678; x_wconf 82' lang='grc' dir='ltr'>τά</span> <span class='ocrx_word' id='word_1_31' title='bbox 1062 614 1204 696; x_wconf 82' lang='grc' dir='ltr'><em>ἡμέτερα</em></span> <span class='ocrx_word' id='word_1_32' title='bbox 1228 613 1303 696; x_wconf 75' lang='grc' dir='ltr'><em>πρὸς</em></span> 
     </span>
     <span class='ocr_line' id='line_1_5' title="bbox 201 712 1304 800; baseline -0.005 -16"><span class='ocrx_word' id='word_1_33' title='bbox 201 724 352 795; x_wconf 80' lang='grc' dir='ltr'><em>ἐκείνους.</em></span> <span class='ocrx_word' id='word_1_34' title='bbox 396 719 435 781; x_wconf 80' lang='lat' dir='ltr'>ori</span> <span class='ocrx_word' id='word_1_35' title='bbox 453 724 559 800; x_wconf 84' lang='grc' dir='ltr'><em>βέλεσι</em></span> <span class='ocrx_word' id='word_1_36' title='bbox 580 718 614 780; x_wconf 80' lang='grc' dir='ltr'><em>δέ</em></span> <span class='ocrx_word' id='word_1_37' title='bbox 639 712 736 794; x_wconf 88' lang='grc' dir='ltr'><em>μόνον</em></span> <span class='ocrx_word' id='word_1_38' title='bbox 766 717 904 796; x_wconf 80' lang='grc' dir='ltr'><em>έχραῖντο</em></span> <span class='ocrx_word' id='word_1_39' title='bbox 925 712 959 777; x_wconf 82' lang='grc' dir='ltr'>τά</span> <span class='ocrx_word' id='word_1_40' title='bbox 984 717 1123 797; x_wconf 81' lang='grc' dir='ltr'><em>πλῆθος,</em></span> <span class='ocrx_word' id='word_1_41' title='bbox 1145 713 1230 777; x_wconf 79' lang='grc' dir='ltr'><em>α’λλά</em></span> <span class='ocrx_word' id='word_1_42' title='bbox 1252 715 1304 779; x_wconf 83' lang='grc' dir='ltr'>καί</span> 
     </span>
    </p>

    <p class='ocr_par' dir='ltr' id='par_1_3' title="bbox 39 806 1336 2288">
     <span class='ocr_line' id='line_1_6' title="bbox 39 806 1324 906; baseline -0.003 -23"><span class='ocrx_word' id='word_1_43' title='bbox 39 886 47 905; x_wconf 60' lang='grc'><em>,</em></span> <span class='ocrx_word' id='word_1_44' title='bbox 140 824 239 906; x_wconf 68' lang='grc' dir='ltr'><em>343τῇ</em></span> <span class='ocrx_word' id='word_1_45' title='bbox 259 822 436 905; x_wconf 75' lang='grc' dir='ltr'><em>καλουμένῃ</em></span> <span class='ocrx_word' id='word_1_46' title='bbox 458 820 571 901; x_wconf 74' lang='grc' dir='ltr'><em>σκευῇ·</em></span> <span class='ocrx_word' id='word_1_47' title='bbox 613 815 712 896; x_wconf 81' lang='grc' dir='ltr'><em>μικρά</em></span> <span class='ocrx_word' id='word_1_48' title='bbox 736 816 771 879; x_wconf 87' lang='grc' dir='ltr'><em>δέ</em></span> <span class='ocrx_word' id='word_1_49' title='bbox 792 838 839 888; x_wconf 87' lang='grc' dir='ltr'>τις</span> <span class='ocrx_word' id='word_1_50' title='bbox 861 806 897 897; x_wconf 83' lang='grc' dir='ltr'>ἦν</span> <span class='ocrx_word' id='word_1_51' title='bbox 921 810 1005 897; x_wconf 67' lang='grc' dir='ltr'><em>αὕτη</em></span> <span class='ocrx_word' id='word_1_52' title='bbox 1029 813 1108 896; x_wconf 85' lang='grc' dir='ltr'><em>πρὸς</em></span> <span class='ocrx_word' id='word_1_53' title='bbox 1130 813 1324 897; x_wconf 71' lang='grc' dir='ltr'><em>σοντριβὴνό</em></span> 
     </span>
     <span class='ocr_line' id='line_1_7' title="bbox 202 909 1301 998; baseline -0.005 -15"><span class='ocrx_word' id='word_1_54' title='bbox 202 923 266 983; x_wconf 77' lang='grc' dir='ltr'>τῶν</span> <span class='ocrx_word' id='word_1_55' title='bbox 285 920 341 982; x_wconf 81' lang='grc' dir='ltr'><em>ἐπί</em></span> <span class='ocrx_word' id='word_1_56' title='bbox 361 915 416 991; x_wconf 85' lang='grc' dir='ltr'><em>τάς</em></span> <span class='ocrx_word' id='word_1_57' title='bbox 439 913 585 993; x_wconf 76' lang='grc' dir='ltr'>ἐπάλξεις</span> <span class='ocrx_word' id='word_1_58' title='bbox 607 916 740 989; x_wconf 84' lang='grc' dir='ltr'><em>’ξυλίνων</em></span> <span class='ocrx_word' id='word_1_59' title='bbox 760 909 1022 998; x_wconf 83' lang='grc' dir='ltr'><em>διαφραγμάτων,</em></span> <span class='ocrx_word' id='word_1_60' title='bbox 1044 914 1101 976; x_wconf 85' lang='grc' dir='ltr'>καί</span> <span class='ocrx_word' id='word_1_61' title='bbox 1119 911 1156 976; x_wconf 87' lang='grc' dir='ltr'>τὸ</span> <span class='ocrx_word' id='word_1_62' title='bbox 1179 912 1226 996; x_wconf 71' lang='grc' dir='ltr'><em>μὴ</em></span> <span class='ocrx_word' id='word_1_63' title='bbox 1248 912 1301 977; x_wconf 82' lang='grc' dir='ltr'>δά·</span> 
     </span>
     <span class='ocr_line' id='line_1_8' title="bbox 202 1007 1303 1109; baseline -0.005 -28"><span class='ocrx_word' id='word_1_64' title='bbox 202 1022 319 1082; x_wconf 87' lang='grc' dir='ltr'><em>νασθαι</em></span> <span class='ocrx_word' id='word_1_65' title='bbox 342 1014 460 1099; x_wconf 79' lang='grc' dir='ltr'><em>στῆναί</em></span> <span class='ocrx_word' id='word_1_66' title='bbox 479 1037 569 1088; x_wconf 86' lang='grc' dir='ltr'><em>τινας</em></span> <span class='ocrx_word' id='word_1_67' title='bbox 589 1015 640 1097; x_wconf 80' lang='grc' dir='ltr'>ἐφ’</span> <span class='ocrx_word' id='word_1_68' title='bbox 667 1007 745 1096; x_wconf 81' lang='grc' dir='ltr'><em>ὅπερ</em></span> <span class='ocrx_word' id='word_1_69' title='bbox 766 1014 920 1109; x_wconf 65' lang='grc' dir='ltr'><em>έπέμπερο</em></span> <span class='ocrx_word' id='word_1_70' title='bbox 941 1015 1048 1095; x_wconf 83' lang='grc' dir='ltr'><em>μέρος.</em></span> <span class='ocrx_word' id='word_1_71' title='bbox 1092 1009 1167 1076; x_wconf 76' lang='grc' dir='ltr'><em>ἔθεε</em></span> <span class='ocrx_word' id='word_1_72' title='bbox 1192 1016 1229 1077; x_wconf 81' lang='grc' dir='ltr'>δὲ</span> <span class='ocrx_word' id='word_1_73' title='bbox 1250 1015 1303 1077; x_wconf 81' lang='grc' dir='ltr'>καί</span> 
     </span>
     <span class='ocr_line' id='line_1_9' title="bbox 201 1108 1301 1199; baseline -0.005 -19"><span class='ocrx_word' id='word_1_74' title='bbox 201 1114 218 1180; x_wconf 81' lang='grc' dir='ltr'><em>ὅ</em></span> <span class='ocrx_word' id='word_1_75' title='bbox 241 1120 297 1199; x_wconf 74' lang='grc' dir='ltr'><em>τῆς</em></span> <span class='ocrx_word' id='word_1_76' title='bbox 320 1113 439 1188; x_wconf 77' lang='grc' dir='ltr'><em>δέσεως</em></span> <span class='ocrx_word' id='word_1_77' title='bbox 460 1109 633 1197; x_wconf 75' lang='grc' dir='ltr'><em>στρατηγὸς</em></span> <span class='ocrx_word' id='word_1_78' title='bbox 648 1109 785 1195; x_wconf 80' lang='grc' dir='ltr'><em>ἔφιππος</em></span> <span class='ocrx_word' id='word_1_79' title='bbox 806 1109 841 1175; x_wconf 81' lang='grc' dir='ltr'>τά</span> <span class='ocrx_word' id='word_1_80' title='bbox 864 1116 934 1176; x_wconf 84' lang='grc' dir='ltr'><em>κατ’</em></span> <span class='ocrx_word' id='word_1_81' title='bbox 955 1109 1113 1187; x_wconf 83' lang='grc' dir='ltr'><em>α’νατολάς</em></span> <span class='ocrx_word' id='word_1_82' title='bbox 1134 1108 1301 1195; x_wconf 82' lang='grc' dir='ltr'><em>διερχόμε·</em></span> 
     </span>
     <span class='ocr_line' id='line_1_10' title="bbox 201 1206 1302 1297; baseline -0.002 -18"><span class='ocrx_word' id='word_1_83' title='bbox 201 1239 255 1290; x_wconf 86' lang='grc' dir='ltr'><em>νος</em></span> <span class='ocrx_word' id='word_1_84' title='bbox 276 1219 333 1296; x_wconf 84' lang='grc' dir='ltr'><em>τῆς</em></span> <span class='ocrx_word' id='word_1_85' title='bbox 353 1215 473 1287; x_wconf 81' lang='grc' dir='ltr'><em>πόλεως</em></span> <span class='ocrx_word' id='word_1_86' title='bbox 497 1214 613 1293; x_wconf 90' lang='grc' dir='ltr'><em>μέρος,</em></span> <span class='ocrx_word' id='word_1_87' title='bbox 645 1206 754 1286; x_wconf 74' lang='grc' dir='ltr'><em>ὅπλοις</em></span> <span class='ocrx_word' id='word_1_88' title='bbox 786 1206 1024 1297; x_wconf 78' lang='grc' dir='ltr'><em>κατάφρακτος,</em></span> <span class='ocrx_word' id='word_1_89' title='bbox 1054 1211 1156 1294; x_wconf 78' lang='grc' dir='ltr'><em>λόγοις</em></span> <span class='ocrx_word' id='word_1_90' title='bbox 1183 1212 1302 1288; x_wconf 84' lang='grc' dir='ltr'><em>πάντας</em></span> 
     </span>
     <span class='ocr_line' id='line_1_11' title="bbox 203 1309 1336 1395; baseline -0.002 -17"><span class='ocrx_word' id='word_1_91' title='bbox 203 1315 388 1395; x_wconf 69' lang='grc' dir='ltr'><em>διερεθίζων</em></span> <span class='ocrx_word' id='word_1_92' title='bbox 412 1314 467 1376; x_wconf 83' lang='grc' dir='ltr'>καί</span> <span class='ocrx_word' id='word_1_93' title='bbox 494 1311 575 1392; x_wconf 83' lang='grc' dir='ltr'><em>πρὸς</em></span> <span class='ocrx_word' id='word_1_94' title='bbox 603 1311 767 1392; x_wconf 78' lang='grc' dir='ltr'><em>εδφυχίαν</em></span> <span class='ocrx_word' id='word_1_95' title='bbox 794 1309 936 1394; x_wconf 81' lang='grc' dir='ltr'><em>α’λείφων</em></span> <span class='ocrx_word' id='word_1_96' title='bbox 954 1311 1010 1374; x_wconf 87' lang='grc' dir='ltr'>καί</span> <span class='ocrx_word' id='word_1_97' title='bbox 1029 1312 1172 1393; x_wconf 83' lang='grc' dir='ltr'><em>α’μοιβάς</em></span> <span class='ocrx_word' id='word_1_98' title='bbox 1190 1335 1336 1394; x_wconf 75' lang='lat' dir='ltr'>novoe-ro</span> 
     </span>
     <span class='ocr_line' id='line_1_12' title="bbox 202 1405 1302 1494; baseline -0.001 -18"><span class='ocrx_word' id='word_1_99' title='bbox 202 1409 464 1494; x_wconf 83' lang='grc' dir='ltr'><em>παγγελλόμενσς.</em></span> <span class='ocrx_word' id='word_1_100' title='bbox 505 1412 562 1473; x_wconf 83' lang='grc' dir='ltr'>καί</span> <span class='ocrx_word' id='word_1_101' title='bbox 582 1405 626 1492; x_wconf 68' lang='grc' dir='ltr'><em>μέγ</em></span> <span class='ocrx_word' id='word_1_102' title='bbox 644 1412 738 1473; x_wconf 82' lang='grc' dir='ltr'><em>τοῦτο</em></span> <span class='ocrx_word' id='word_1_103' title='bbox 752 1407 858 1491; x_wconf 85' lang='grc' dir='ltr'><em>μόνον,</em></span> <span class='ocrx_word' id='word_1_104' title='bbox 880 1411 948 1473; x_wconf 75' lang='grc' dir='ltr'><em>αλλ’</em></span> <span class='ocrx_word' id='word_1_105' title='bbox 970 1413 1009 1474; x_wconf 79' lang='grc' dir='ltr'>ἵν’</span> <span class='ocrx_word' id='word_1_106' title='bbox 1033 1409 1081 1474; x_wconf 87' lang='grc' dir='ltr'><em>ἔτι</em></span> <span class='ocrx_word' id='word_1_107' title='bbox 1102 1410 1159 1474; x_wconf 84' lang='grc' dir='ltr'>καί</span> <span class='ocrx_word' id='word_1_108' title='bbox 1182 1417 1302 1494; x_wconf 85' lang='grc' dir='ltr'><em>προθυ-</em></span> 
     </span>
     <span class='ocr_line' id='line_1_13' title="bbox 202 1502 1302 1594; baseline -0.001 -20"><span class='ocrx_word' id='word_1_109' title='bbox 202 1512 357 1594; x_wconf 88' lang='grc' dir='ltr'><em>μοτέρους</em></span> <span class='ocrx_word' id='word_1_110' title='bbox 378 1511 551 1593; x_wconf 74' lang='grc' dir='ltr'><em>ἐργάσηται</em></span> <span class='ocrx_word' id='word_1_111' title='bbox 574 1507 629 1571; x_wconf 83' lang='grc' dir='ltr'>καί</span> <span class='ocrx_word' id='word_1_112' title='bbox 648 1502 715 1574; x_wconf 84' lang='grc' dir='ltr'><em>οἷον</em></span> <span class='ocrx_word' id='word_1_113' title='bbox 734 1508 815 1572; x_wconf 86' lang='grc' dir='ltr'><em>κατά</em></span> <span class='ocrx_word' id='word_1_114' title='bbox 843 1511 897 1592; x_wconf 80' lang='grc' dir='ltr'><em>τῆς</em></span> <span class='ocrx_word' id='word_1_115' title='bbox 917 1507 1007 1593; x_wconf 76' lang='grc' dir='ltr'><em>ἡμῶν</em></span> <span class='ocrx_word' id='word_1_116' title='bbox 1027 1515 1192 1591; x_wconf 80' lang='grc' dir='ltr'><em>σωτηρίας</em></span> <span class='ocrx_word' id='word_1_117' title='bbox 1209 1508 1302 1594; x_wconf 67' lang='grc' dir='ltr'><em>ἐκμή-</em></span> 
     </span>
     <span class='ocr_line' id='line_1_14' title="bbox 204 1604 1303 1698; baseline 0.001 -24"><span class='ocrx_word' id='word_1_118' title='bbox 204 1634 259 1698; x_wconf 70' lang='lat' dir='ltr'>rip,</span> <span class='ocrx_word' id='word_1_119' title='bbox 277 1609 394 1693; x_wconf 71' lang='lat' dir='ltr'>orjprirai</span> <span class='ocrx_word' id='word_1_120' title='bbox 413 1634 482 1673; x_wconf 87' lang='grc' dir='ltr'><em>τινα</em></span> <span class='ocrx_word' id='word_1_121' title='bbox 502 1610 694 1692; x_wconf 78' lang='grc' dir='ltr'><em>προσέταξεν</em></span> <span class='ocrx_word' id='word_1_122' title='bbox 708 1604 821 1687; x_wconf 82' lang='grc' dir='ltr'><em>ἱμάτια</em></span> <span class='ocrx_word' id='word_1_123' title='bbox 843 1605 920 1673; x_wconf 81' lang='grc' dir='ltr'><em>κατά</em></span> <span class='ocrx_word' id='word_1_124' title='bbox 943 1613 1041 1689; x_wconf 80' lang='grc' dir='ltr'><em>μέσον</em></span> <span class='ocrx_word' id='word_1_125' title='bbox 1063 1610 1231 1693; x_wconf 72' lang='grc' dir='ltr'><em>α’χθῆναι,</em></span> <span class='ocrx_word' id='word_1_126' title='bbox 1252 1614 1303 1676; x_wconf 81' lang='grc' dir='ltr'><em>κατ’</em></span> 
     </span>
     <span class='ocr_line' id='line_1_15' title="bbox 203 1702 1304 1792; baseline 0.001 -21"><span class='ocrx_word' id='word_1_127' title='bbox 203 1707 322 1788; x_wconf 86' lang='grc' dir='ltr'><em>μισθὸν</em></span> <span class='ocrx_word' id='word_1_128' title='bbox 360 1706 442 1770; x_wconf 81' lang='grc' dir='ltr'><em>ου’τδ</em></span> <span class='ocrx_word' id='word_1_129' title='bbox 472 1708 634 1789; x_wconf 75' lang='grc' dir='ltr'><em>προύθηκε</em></span> <span class='ocrx_word' id='word_1_130' title='bbox 666 1714 733 1780; x_wconf 84' lang='grc' dir='ltr'><em>τοῖς</em></span> <span class='ocrx_word' id='word_1_131' title='bbox 751 1702 972 1790; x_wconf 78' lang='grc' dir='ltr'><em>άποράττουσί</em></span> <span class='ocrx_word' id='word_1_132' title='bbox 991 1731 1025 1772; x_wconf 87' lang='grc' dir='ltr'><em>τε</em></span> <span class='ocrx_word' id='word_1_133' title='bbox 1053 1707 1090 1772; x_wconf 88' lang='grc' dir='ltr'>τὸ</span> <span class='ocrx_word' id='word_1_134' title='bbox 1121 1718 1231 1792; x_wconf 82' lang='grc' dir='ltr'><em>τεῖχος</em></span> <span class='ocrx_word' id='word_1_135' title='bbox 1253 1707 1304 1772; x_wconf 83' lang='grc' dir='ltr'>καί</span> 
     </span>
     <span class='ocr_line' id='line_1_16' title="bbox 207 1805 1336 1895; baseline 0.004 -25"><span class='ocrx_word' id='word_1_136' title='bbox 207 1808 298 1870; x_wconf 87' lang='grc' dir='ltr'><em>λίθον</em></span> <span class='ocrx_word' id='word_1_137' title='bbox 308 1817 309 1823; x_wconf 77' lang='grc'>’</span> <span class='ocrx_word' id='word_1_138' title='bbox 320 1808 353 1869; x_wconf 79' lang='grc' dir='ltr'><em>έκ</em></span> <span class='ocrx_word' id='word_1_139' title='bbox 369 1805 486 1869; x_wconf 80' lang='grc' dir='ltr'><em>τούτου</em></span> <span class='ocrx_word' id='word_1_140' title='bbox 499 1815 565 1879; x_wconf 84' lang='grc' dir='ltr'><em>τοῖς</em></span> <span class='ocrx_word' id='word_1_141' title='bbox 585 1807 808 1889; x_wconf 77' lang='grc' dir='ltr'><em>δυνησομένοις</em></span> <span class='ocrx_word' id='word_1_142' title='bbox 832 1807 939 1895; x_wconf 82' lang='grc' dir='ltr'><em>έκείνιρ</em></span> <span class='ocrx_word' id='word_1_143' title='bbox 953 1808 1094 1887; x_wconf 86' lang='grc' dir='ltr'><em>κομίσαι,</em></span> <span class='ocrx_word' id='word_1_144' title='bbox 1114 1813 1199 1891; x_wconf 83' lang='grc' dir='ltr'><em>μέγα</em></span> <span class='ocrx_word' id='word_1_145' title='bbox 1212 1813 1300 1891; x_wconf 76' lang='grc' dir='ltr'><em>βοῶν,</em></span> <span class='ocrx_word' id='word_1_146' title='bbox 1311 1813 1336 1876; x_wconf 78' lang='grc'>15</span> 
     </span>
     <span class='ocr_line' id='line_1_17' title="bbox 207 1897 1299 1989; baseline 0.004 -21"><span class='ocrx_word' id='word_1_147' title='bbox 207 1901 319 1978; x_wconf 81' lang='grc' dir='ltr'><em>ὁσάκις</em></span> <span class='ocrx_word' id='word_1_148' title='bbox 340 1897 380 1968; x_wconf 81' lang='grc' dir='ltr'>άν</span> <span class='ocrx_word' id='word_1_149' title='bbox 402 1928 450 1979; x_wconf 86' lang='grc' dir='ltr'>τις</span> <span class='ocrx_word' id='word_1_150' title='bbox 471 1906 565 1967; x_wconf 76' lang='grc' dir='ltr'><em>τοῦτο</em></span> <span class='ocrx_word' id='word_1_151' title='bbox 586 1906 725 1989; x_wconf 72' lang='grc' dir='ltr'><em>ποιήσει,</em></span> <span class='ocrx_word' id='word_1_152' title='bbox 748 1908 803 1968; x_wconf 88' lang='grc' dir='ltr'>καί</span> <span class='ocrx_word' id='word_1_153' title='bbox 821 1903 879 1988; x_wconf 74' lang='grc' dir='ltr'>τὴν</span> <span class='ocrx_word' id='word_1_154' title='bbox 903 1907 1064 1972; x_wconf 87' lang='grc' dir='ltr'><em>α’ντίδοσιν</em></span> <span class='ocrx_word' id='word_1_155' title='bbox 1085 1905 1182 1989; x_wconf 81' lang='grc' dir='ltr'><em>ἔχειν.</em></span> <span class='ocrx_word' id='word_1_156' title='bbox 1225 1905 1299 1972; x_wconf 79' lang='grc' dir='ltr'><em>ἀλλά</em></span> 
     </span>
     <span class='ocr_line' id='line_1_18' title="bbox 207 2001 1303 2095; baseline 0.003 -29"><span class='ocrx_word' id='word_1_157' title='bbox 207 2001 264 2067; x_wconf 83' lang='grc' dir='ltr'>καί</span> <span class='ocrx_word' id='word_1_158' title='bbox 282 2007 327 2089; x_wconf 76' lang='grc' dir='ltr'>τῷ</span> <span class='ocrx_word' id='word_1_159' title='bbox 348 2004 478 2088; x_wconf 78' lang='grc' dir='ltr'><em>πρώτως</em></span> <span class='ocrx_word' id='word_1_160' title='bbox 499 2001 645 2068; x_wconf 70' lang='grc' dir='ltr'><em>ἀνελθεῖν</em></span> <span class='ocrx_word' id='word_1_161' title='bbox 673 2002 709 2068; x_wconf 81' lang='grc' dir='ltr'>τὸ</span> <span class='ocrx_word' id='word_1_162' title='bbox 734 2011 838 2087; x_wconf 79' lang='grc' dir='ltr'><em>τεῖχος</em></span> <span class='ocrx_word' id='word_1_163' title='bbox 863 2007 1064 2095; x_wconf 73' lang='grc' dir='ltr'><em>δυνησομένῳ</em></span> <span class='ocrx_word' id='word_1_164' title='bbox 1089 2011 1212 2073; x_wconf 85' lang='grc' dir='ltr'><em>πολλαί</em></span> <span class='ocrx_word' id='word_1_165' title='bbox 1227 2030 1303 2081; x_wconf 79' lang='grc' dir='ltr'><em>τινες</em></span> 
     </span>
     <span class='ocr_line' id='line_1_19' title="bbox 207 2099 1303 2194; baseline 0.004 -28"><span class='ocrx_word' id='word_1_166' title='bbox 207 2099 393 2186; x_wconf 77' lang='grc' dir='ltr'><em>προύκειντο</em></span> <span class='ocrx_word' id='word_1_167' title='bbox 414 2102 534 2187; x_wconf 85' lang='grc' dir='ltr'><em>δωρεαί</em></span> <span class='ocrx_word' id='word_1_168' title='bbox 560 2106 615 2168; x_wconf 84' lang='grc' dir='ltr'>καί</span> <span class='ocrx_word' id='word_1_169' title='bbox 633 2103 824 2186; x_wconf 67' lang='grc' dir='ltr'><em>ὑποσχέσεις</em></span> <span class='ocrx_word' id='word_1_170' title='bbox 850 2106 975 2188; x_wconf 85' lang='grc' dir='ltr'><em>μυρίαι.</em></span> <span class='ocrx_word' id='word_1_171' title='bbox 1016 2108 1059 2194; x_wconf 79' lang='grc' dir='ltr'>τῷ</span> <span class='ocrx_word' id='word_1_172' title='bbox 1080 2130 1129 2171; x_wconf 86' lang='grc' dir='ltr'><em>τοι</em></span> <span class='ocrx_word' id='word_1_173' title='bbox 1151 2113 1209 2174; x_wconf 78' lang='grc' dir='ltr'>καί</span> <span class='ocrx_word' id='word_1_174' title='bbox 1227 2103 1303 2182; x_wconf 72' lang='grc' dir='ltr'><em>εἶδες</em></span> 
     </span>
     <span class='ocr_line' id='line_1_20' title="bbox 209 2196 1301 2288; baseline 0.001 -21"><span class='ocrx_word' id='word_1_175' title='bbox 209 2197 248 2267; x_wconf 76' lang='lat' dir='ltr'>dv</span> <span class='ocrx_word' id='word_1_176' title='bbox 269 2206 303 2268; x_wconf 87' lang='grc' dir='ltr'><em>έν</em></span> <span class='ocrx_word' id='word_1_177' title='bbox 320 2204 449 2278; x_wconf 78' lang='grc' dir='ltr'><em>ἐκείνοις</em></span> <span class='ocrx_word' id='word_1_178' title='bbox 475 2207 605 2288; x_wconf 79' lang='grc' dir='ltr'><em>πρᾶγμα</em></span> <span class='ocrx_word' id='word_1_179' title='bbox 625 2202 744 2278; x_wconf 80' lang='grc' dir='ltr'><em>παντὸς</em></span> <span class='ocrx_word' id='word_1_180' title='bbox 772 2196 867 2282; x_wconf 75' lang='grc' dir='ltr'><em>ἄξιον,</em></span> <span class='ocrx_word' id='word_1_181' title='bbox 882 2206 1069 2286; x_wconf 75' lang='grc' dir='ltr'><em>θαύματος·</em></span> <span class='ocrx_word' id='word_1_182' title='bbox 1112 2203 1301 2287; x_wconf 82' lang='grc' dir='ltr'><em>έπιλαθὸμε·</em></span> 
     </span>
    </p>

    <p class='ocr_par' dir='ltr' id='par_1_4' title="bbox 155 2299 1333 2688">
     <span class='ocr_line' id='line_1_21' title="bbox 155 2299 1333 2390; baseline 0.003 -26"><span class='ocrx_word' id='word_1_183' title='bbox 155 2360 157 2364; x_wconf 21' lang='lat' dir='ltr'>r</span> <span class='ocrx_word' id='word_1_184' title='bbox 209 2325 258 2367; x_wconf 86' lang='grc' dir='ltr'><em>νοι</em></span> <span class='ocrx_word' id='word_1_185' title='bbox 277 2301 340 2386; x_wconf 88' lang='grc' dir='ltr'>γάρ</span> <span class='ocrx_word' id='word_1_186' title='bbox 363 2299 412 2367; x_wconf 80' lang='grc' dir='ltr'><em>ὅτι</em></span> <span class='ocrx_word' id='word_1_187' title='bbox 431 2307 526 2384; x_wconf 78' lang='grc' dir='ltr'><em>σῶμα</em></span> <span class='ocrx_word' id='word_1_188' title='bbox 545 2302 740 2386; x_wconf 76' lang='grc' dir='ltr'><em>περίκεινται</em></span> <span class='ocrx_word' id='word_1_189' title='bbox 760 2303 842 2387; x_wconf 84' lang='grc' dir='ltr'><em>πρὸς</em></span> <span class='ocrx_word' id='word_1_190' title='bbox 862 2307 989 2387; x_wconf 85' lang='grc' dir='ltr'><em>καιρίαν</em></span> <span class='ocrx_word' id='word_1_191' title='bbox 1008 2304 1132 2390; x_wconf 65' lang='grc' dir='ltr'><em>πληγήν</em></span> <span class='ocrx_word' id='word_1_192' title='bbox 1145 2306 1333 2388; x_wconf 79' lang='grc' dir='ltr'><em>ἅντισχεῖντο</em></span> 
     </span>
     <span class='ocr_line' id='line_1_22' title="bbox 210 2397 1301 2491; baseline 0.003 -26"><span class='ocrx_word' id='word_1_193' title='bbox 210 2399 386 2482; x_wconf 77' lang='grc' dir='ltr'><em>δυνάμενον</em></span> <span class='ocrx_word' id='word_1_194' title='bbox 419 2403 570 2483; x_wconf 73' lang='grc' dir='ltr'><em>οὐδαμοῖς</em></span> <span class='ocrx_word' id='word_1_195' title='bbox 600 2399 656 2466; x_wconf 83' lang='grc' dir='ltr'>καί</span> <span class='ocrx_word' id='word_1_196' title='bbox 689 2397 829 2466; x_wconf 84' lang='grc' dir='ltr'><em>θάνατον</em></span> <span class='ocrx_word' id='word_1_197' title='bbox 859 2399 933 2485; x_wconf 83' lang='grc' dir='ltr'><em>ἔχον</em></span> <span class='ocrx_word' id='word_1_198' title='bbox 961 2404 1050 2491; x_wconf 68' lang='lat' dir='ltr'>edrai</span> <span class='ocrx_word' id='word_1_199' title='bbox 1075 2406 1301 2486; x_wconf 82' lang='grc' dir='ltr'><em>συνεπόμενον,</em></span> 
     </span>
     <span class='ocr_line' id='line_1_23' title="bbox 210 2495 1303 2588; baseline 0.004 -24"><span class='ocrx_word' id='word_1_200' title='bbox 210 2497 318 2585; x_wconf 73' lang='grc' dir='ltr'><em>ὥσπερ</em></span> <span class='ocrx_word' id='word_1_201' title='bbox 347 2503 427 2575; x_wconf 82' lang='grc' dir='ltr'><em>τινές</em></span> <span class='ocrx_word' id='word_1_202' title='bbox 457 2495 562 2583; x_wconf 72' lang='grc' dir='ltr'><em>ἄγριοι</em></span> <span class='ocrx_word' id='word_1_203' title='bbox 582 2505 681 2586; x_wconf 80' lang='grc' dir='ltr'><em>θῆρες</em></span> <span class='ocrx_word' id='word_1_204' title='bbox 708 2500 762 2565; x_wconf 70' lang='lat' dir='ltr'>tut</span> <span class='ocrx_word' id='word_1_205' title='bbox 793 2500 828 2565; x_wconf 82' lang='grc' dir='ltr'>τὸ</span> <span class='ocrx_word' id='word_1_206' title='bbox 852 2510 959 2586; x_wconf 82' lang='grc' dir='ltr'><em>τεῖχος</em></span> <span class='ocrx_word' id='word_1_207' title='bbox 983 2504 1143 2588; x_wconf 77' lang='grc' dir='ltr'><em>ἐχώρουν,</em></span> <span class='ocrx_word' id='word_1_208' title='bbox 1162 2506 1303 2570; x_wconf 81' lang='grc' dir='ltr'><em>τοσοῦιον</em></span> 
     </span>
     <span class='ocr_line' id='line_1_24' title="bbox 200 2590 1303 2688; baseline 0.004 -25"><span class='ocrx_word' id='word_1_209' title='bbox 200 2590 391 2682; x_wconf 61' lang='grc' dir='ltr'><em>ἐ’γγιλταντες</em></span> <span class='ocrx_word' id='word_1_210' title='bbox 411 2599 456 2675; x_wconf 76' lang='grc' dir='ltr'><em>ὥς</em></span> <span class='ocrx_word' id='word_1_211' title='bbox 479 2598 535 2664; x_wconf 82' lang='grc' dir='ltr'>καί</span> <span class='ocrx_word' id='word_1_212' title='bbox 554 2603 658 2676; x_wconf 89' lang='grc' dir='ltr'><em>λίθοις</em></span> <span class='ocrx_word' id='word_1_213' title='bbox 689 2604 752 2666; x_wconf 75' lang='grc' dir='ltr'>τῶν</span> <span class='ocrx_word' id='word_1_214' title='bbox 781 2603 914 2678; x_wconf 83' lang='grc' dir='ltr'><em>ξυλίνων</em></span> <span class='ocrx_word' id='word_1_215' title='bbox 935 2603 1192 2688; x_wconf 87' lang='grc' dir='ltr'><em>διαφραγμάτοον</em></span> <span class='ocrx_word' id='word_1_216' title='bbox 1209 2629 1303 2668; x_wconf 86' lang='grc' dir='ltr'><em>κατα-</em></span> 
     </span>
    </p>

    <p class='ocr_par' dir='ltr' id='par_1_5' title="bbox 152 2693 1301 2788">
     <span class='ocr_line' id='line_1_25' title="bbox 152 2693 1301 2788; baseline 0.002 -25"><span class='ocrx_word' id='word_1_217' title='bbox 152 2702 321 2788; x_wconf 68' lang='grc' dir='ltr'><em>ορρβαλεῖν</em></span> <span class='ocrx_word' id='word_1_218' title='bbox 342 2699 401 2762; x_wconf 79' lang='grc' dir='ltr'><em>ου’κ</em></span> <span class='ocrx_word' id='word_1_219' title='bbox 421 2701 521 2783; x_wconf 77' lang='grc' dir='ltr'><em>ὀλίγα.</em></span> <span class='ocrx_word' id='word_1_220' title='bbox 564 2696 594 2766; x_wconf 82' lang='grc' dir='ltr'>οἱ</span> <span class='ocrx_word' id='word_1_221' title='bbox 613 2701 674 2783; x_wconf 75' lang='grc' dir='ltr'>μέν</span> <span class='ocrx_word' id='word_1_222' title='bbox 696 2693 754 2766; x_wconf 70' lang='grc' dir='ltr'>οὖν</span> <span class='ocrx_word' id='word_1_223' title='bbox 774 2695 892 2780; x_wconf 73' lang='grc' dir='ltr'><em>οὕτως·</em></span> <span class='ocrx_word' id='word_1_224' title='bbox 934 2699 964 2768; x_wconf 78' lang='grc' dir='ltr'>οἱ</span> <span class='ocrx_word' id='word_1_225' title='bbox 984 2705 1021 2770; x_wconf 76' lang='grc' dir='ltr'><em>δέ</em></span> <span class='ocrx_word' id='word_1_226' title='bbox 1042 2699 1078 2767; x_wconf 85' lang='grc' dir='ltr'>τὸ</span> <span class='ocrx_word' id='word_1_227' title='bbox 1098 2711 1208 2788; x_wconf 81' lang='grc' dir='ltr'><em>τεῖχος</em></span> <span class='ocrx_word' id='word_1_228' title='bbox 1228 2703 1301 2768; x_wconf 71' lang='grc' dir='ltr'><em>ὕπο-</em></span> 
     </span>
    </p>
   </div>
   <div class='ocr_carea' id='block_1_3' title="bbox 210 2991 1301 4197">
    <p class='ocr_par' dir='ltr' id='par_1_6' title="bbox 210 2991 1301 4197">
     <span class='ocr_line' id='line_1_26' title="bbox 213 2991 1301 3064; baseline 0.003 -21"><span class='ocrx_word' id='word_1_229' title='bbox 213 2991 373 3055; x_wconf 80' lang='lat' dir='ltr'>erratodiam,</span> <span class='ocrx_word' id='word_1_230' title='bbox 389 2991 436 3061; x_wconf 86' lang='lat' dir='ltr'>qni</span> <span class='ocrx_word' id='word_1_231' title='bbox 457 2992 672 3046; x_wconf 82' lang='lat' dir='ltr'>adversariorum</span> <span class='ocrx_word' id='word_1_232' title='bbox 690 2994 822 3064; x_wconf 89' lang='lat' dir='ltr'>impetum</span> <span class='ocrx_word' id='word_1_233' title='bbox 850 2992 1041 3048; x_wconf 83' lang='lat' dir='ltr'>retunderent:</span> <span class='ocrx_word' id='word_1_234' title='bbox 1059 3010 1111 3046; x_wconf 78' lang='lat' dir='ltr'>noe</span> <span class='ocrx_word' id='word_1_235' title='bbox 1131 3011 1197 3048; x_wconf 80' lang='lat' dir='ltr'>vero</span> <span class='ocrx_word' id='word_1_236' title='bbox 1218 2995 1301 3064; x_wconf 82' lang='lat' dir='ltr'>pauci,</span> 
     </span>
     <span class='ocr_line' id='line_1_27' title="bbox 213 3064 1301 3136; baseline 0.002 -20"><span class='ocrx_word' id='word_1_237' title='bbox 213 3081 303 3133; x_wconf 87' lang='lat' dir='ltr'>neque</span> <span class='ocrx_word' id='word_1_238' title='bbox 324 3064 413 3114; x_wconf 86' lang='lat' dir='ltr'>cuncti</span> <span class='ocrx_word' id='word_1_239' title='bbox 430 3065 460 3114; x_wconf 93' lang='lat' dir='ltr'>in</span> <span class='ocrx_word' id='word_1_240' title='bbox 479 3067 562 3116; x_wconf 80' lang='lat' dir='ltr'>muria</span> <span class='ocrx_word' id='word_1_241' title='bbox 579 3065 614 3117; x_wconf 92' lang='lat' dir='ltr'>ob</span> <span class='ocrx_word' id='word_1_242' title='bbox 634 3081 693 3116; x_wconf 87' lang='lat' dir='ltr'>eam</span> <span class='ocrx_word' id='word_1_243' title='bbox 719 3084 799 3136; x_wconf 86' lang='lat' dir='ltr'>quam</span> <span class='ocrx_word' id='word_1_244' title='bbox 818 3083 898 3135; x_wconf 75' lang='lat' dir='ltr'>cupra</span> <span class='ocrx_word' id='word_1_245' title='bbox 918 3066 1035 3119; x_wconf 78' lang='lat' dir='ltr'>diximus</span> <span class='ocrx_word' id='word_1_246' title='bbox 1055 3083 1180 3132; x_wconf 76' lang='lat' dir='ltr'>caueam3</span> <span class='ocrx_word' id='word_1_247' title='bbox 1197 3074 1226 3118; x_wconf 88' lang='lat' dir='ltr'>et</span> <span class='ocrx_word' id='word_1_248' title='bbox 1243 3068 1301 3118; x_wconf 83' lang='lat' dir='ltr'>licet</span> 
     </span>
     <span class='ocr_line' id='line_1_28' title="bbox 213 3136 1300 3203; baseline 0.003 -18"><span class='ocrx_word' id='word_1_249' title='bbox 213 3152 293 3203; x_wconf 71' lang='lat' dir='ltr'>supra</span> <span class='ocrx_word' id='word_1_250' title='bbox 313 3136 383 3187; x_wconf 76' lang='lat' dir='ltr'>vireo</span> <span class='ocrx_word' id='word_1_251' title='bbox 400 3136 587 3199; x_wconf 80' lang='lat' dir='ltr'>animaremur,</span> <span class='ocrx_word' id='word_1_252' title='bbox 606 3136 699 3188; x_wconf 86' lang='lat' dir='ltr'>nullae</span> <span class='ocrx_word' id='word_1_253' title='bbox 716 3145 806 3188; x_wconf 87' lang='lat' dir='ltr'>tamen</span> <span class='ocrx_word' id='word_1_254' title='bbox 819 3145 896 3189; x_wconf 89' lang='lat' dir='ltr'>erant</span> <span class='ocrx_word' id='word_1_255' title='bbox 907 3151 947 3189; x_wconf 80' lang='lat' dir='ltr'>ree</span> <span class='ocrx_word' id='word_1_256' title='bbox 964 3146 1084 3199; x_wconf 78' lang='lat' dir='ltr'>nostrae,</span> <span class='ocrx_word' id='word_1_257' title='bbox 1100 3137 1136 3187; x_wconf 89' lang='lat' dir='ltr'>ad</span> <span class='ocrx_word' id='word_1_258' title='bbox 1155 3138 1217 3189; x_wconf 79' lang='lat' dir='ltr'>illas</span> <span class='ocrx_word' id='word_1_259' title='bbox 1234 3155 1300 3188; x_wconf 86' lang='lat' dir='ltr'>conr·</span> 
     </span>
     <span class='ocr_line' id='line_1_29' title="bbox 214 3206 1299 3279; baseline 0.004 -25"><span class='ocrx_word' id='word_1_260' title='bbox 214 3215 336 3274; x_wconf 86' lang='lat' dir='ltr'>paratae.</span> <span class='ocrx_word' id='word_1_261' title='bbox 371 3222 423 3257; x_wconf 90' lang='lat' dir='ltr'>nec</span> <span class='ocrx_word' id='word_1_262' title='bbox 441 3207 536 3258; x_wconf 81' lang='lat' dir='ltr'>iaculis</span> <span class='ocrx_word' id='word_1_263' title='bbox 548 3215 652 3258; x_wconf 87' lang='lat' dir='ltr'>tantum</span> <span class='ocrx_word' id='word_1_264' title='bbox 666 3206 743 3258; x_wconf 90' lang='lat' dir='ltr'>turba</span> <span class='ocrx_word' id='word_1_265' title='bbox 763 3208 820 3270; x_wconf 79' lang='lat' dir='ltr'>illa,</span> <span class='ocrx_word' id='word_1_266' title='bbox 838 3207 886 3260; x_wconf 81' lang='lat' dir='ltr'>red</span> <span class='ocrx_word' id='word_1_267' title='bbox 900 3210 1080 3260; x_wconf 74' lang='lat' dir='ltr'>instrumento</span> <span class='ocrx_word' id='word_1_268' title='bbox 1101 3210 1185 3259; x_wconf 87' lang='lat' dir='ltr'>etiam</span> <span class='ocrx_word' id='word_1_269' title='bbox 1204 3209 1299 3279; x_wconf 71' lang='lat' dir='ltr'>pusillo</span> 
     </span>
     <span class='ocr_line' id='line_1_30' title="bbox 214 3275 1299 3350; baseline 0.002 -24"><span class='ocrx_word' id='word_1_270' title='bbox 214 3275 250 3326; x_wconf 79' lang='lat' dir='ltr'>ed</span> <span class='ocrx_word' id='word_1_271' title='bbox 271 3275 478 3327; x_wconf 87' lang='lat' dir='ltr'>comminuenda</span> <span class='ocrx_word' id='word_1_272' title='bbox 495 3278 585 3344; x_wconf 80' lang='lat' dir='ltr'>lignea</span> <span class='ocrx_word' id='word_1_273' title='bbox 614 3279 644 3343; x_wconf 86' lang='lat' dir='ltr'>in</span> <span class='ocrx_word' id='word_1_274' title='bbox 663 3279 872 3348; x_wconf 79' lang='lat' dir='ltr'><strong>propugnaculis</strong></span> <span class='ocrx_word' id='word_1_275' title='bbox 899 3281 1050 3348; x_wconf 84' lang='lat' dir='ltr'>repimenta</span> <span class='ocrx_word' id='word_1_276' title='bbox 1069 3279 1209 3339; x_wconf 84' lang='lat' dir='ltr'>utebatur,</span> <span class='ocrx_word' id='word_1_277' title='bbox 1232 3276 1299 3350; x_wconf 86' lang='lat' dir='ltr'>quod</span> 
     </span>
     <span class='ocr_line' id='line_1_31' title="bbox 213 3345 1299 3419; baseline 0.006 -24"><span class='ocrx_word' id='word_1_278' title='bbox 213 3345 369 3415; x_wconf 88' lang='lat' dir='ltr'>ubicunque</span> <span class='ocrx_word' id='word_1_279' title='bbox 387 3347 604 3416; x_wconf 77' lang='lat' dir='ltr'>intorquebatur,</span> <span class='ocrx_word' id='word_1_280' title='bbox 624 3350 695 3399; x_wconf 80' lang='lat' dir='ltr'>viror</span> <span class='ocrx_word' id='word_1_281' title='bbox 715 3365 838 3419; x_wconf 75' lang='lat' dir='ltr'>auosque</span> <span class='ocrx_word' id='word_1_282' title='bbox 853 3349 948 3400; x_wconf 79' lang='lat' dir='ltr'>obvim</span> <span class='ocrx_word' id='word_1_283' title='bbox 966 3348 1139 3402; x_wconf 86' lang='lat' dir='ltr'>deturbabat.</span> <span class='ocrx_word' id='word_1_284' title='bbox 1169 3351 1224 3401; x_wconf 78' lang='lat' dir='ltr'>dux</span> <span class='ocrx_word' id='word_1_285' title='bbox 1243 3352 1299 3401; x_wconf 86' lang='lat' dir='ltr'>item</span> 
     </span>
     <span class='ocr_line' id='line_1_32' title="bbox 213 3416 1300 3489; baseline 0.006 -23"><span class='ocrx_word' id='word_1_286' title='bbox 213 3416 383 3478; x_wconf 77' lang='lat' dir='ltr'><strong>Occidentis,</strong></span> <span class='ocrx_word' id='word_1_287' title='bbox 403 3435 473 3487; x_wconf 87' lang='lat' dir='ltr'>equo</span> <span class='ocrx_word' id='word_1_288' title='bbox 494 3419 624 3481; x_wconf 74' lang='lat' dir='ltr'>insidens,</span> <span class='ocrx_word' id='word_1_289' title='bbox 641 3435 721 3489; x_wconf 83' lang='lat' dir='ltr'>perce</span> <span class='ocrx_word' id='word_1_290' title='bbox 734 3421 816 3471; x_wconf 87' lang='lat' dir='ltr'>eriter</span> <span class='ocrx_word' id='word_1_291' title='bbox 834 3419 1006 3489; x_wconf 80' lang='lat' dir='ltr'>properabat,</span> <span class='ocrx_word' id='word_1_292' title='bbox 1027 3422 1190 3472; x_wconf 83' lang='lat' dir='ltr'>orientalem</span> <span class='ocrx_word' id='word_1_293' title='bbox 1209 3422 1300 3472; x_wconf 77' lang='lat' dir='ltr'>civita-</span> 
     </span>
     <span class='ocr_line' id='line_1_33' title="bbox 214 3487 1300 3559; baseline 0.003 -21"><span class='ocrx_word' id='word_1_294' title='bbox 214 3488 248 3539; x_wconf 78' lang='lat' dir='ltr'>tis</span> <span class='ocrx_word' id='word_1_295' title='bbox 268 3487 374 3556; x_wconf 78' lang='lat' dir='ltr'>plagam</span> <span class='ocrx_word' id='word_1_296' title='bbox 392 3488 569 3552; x_wconf 81' lang='lat' dir='ltr'>circumiens,</span> <span class='ocrx_word' id='word_1_297' title='bbox 586 3491 665 3540; x_wconf 79' lang='lat' dir='ltr'>arinis</span> <span class='ocrx_word' id='word_1_298' title='bbox 684 3491 894 3559; x_wconf 77' lang='lat' dir='ltr'>circumseptus,</span> <span class='ocrx_word' id='word_1_299' title='bbox 916 3492 1006 3543; x_wconf 78' lang='lat' dir='ltr'>verbis</span> <span class='ocrx_word' id='word_1_300' title='bbox 1024 3507 1116 3542; x_wconf 85' lang='lat' dir='ltr'>ornnes</span> <span class='ocrx_word' id='word_1_301' title='bbox 1136 3493 1258 3543; x_wconf 80' lang='lat' dir='ltr'>excitam</span> <span class='ocrx_word' id='word_1_302' title='bbox 1277 3497 1300 3541; x_wconf 83' lang='lat' dir='ltr'>et</span> 
     </span>
     <span class='ocr_line' id='line_1_34' title="bbox 213 3555 1299 3630; baseline 0.004 -22"><span class='ocrx_word' id='word_1_303' title='bbox 213 3558 247 3609; x_wconf 92' lang='lat' dir='ltr'>ad</span> <span class='ocrx_word' id='word_1_304' title='bbox 266 3555 453 3608; x_wconf 70' lang='lat' dir='ltr'>lenitudinem</span> <span class='ocrx_word' id='word_1_305' title='bbox 471 3576 571 3613; x_wconf 81' lang='lat' dir='ltr'>acuens</span> <span class='ocrx_word' id='word_1_306' title='bbox 592 3568 621 3612; x_wconf 87' lang='lat' dir='ltr'>et</span> <span class='ocrx_word' id='word_1_307' title='bbox 640 3562 760 3630; x_wconf 84' lang='lat' dir='ltr'>praemia</span> <span class='ocrx_word' id='word_1_308' title='bbox 778 3563 947 3630; x_wconf 79' lang='lat' dir='ltr'>promittens.</span> <span class='ocrx_word' id='word_1_309' title='bbox 985 3569 1013 3613; x_wconf 87' lang='lat' dir='ltr'>et</span> <span class='ocrx_word' id='word_1_310' title='bbox 1031 3569 1061 3613; x_wconf 92' lang='lat' dir='ltr'>ut</span> <span class='ocrx_word' id='word_1_311' title='bbox 1079 3561 1171 3615; x_wconf 87' lang='lat' dir='ltr'>adbuc</span> <span class='ocrx_word' id='word_1_312' title='bbox 1189 3564 1299 3615; x_wconf 84' lang='lat' dir='ltr'>alacrio-</span> 
     </span>
     <span class='ocr_line' id='line_1_35' title="bbox 213 3627 1299 3698; baseline 0.002 -17"><span class='ocrx_word' id='word_1_313' title='bbox 213 3647 254 3681; x_wconf 85' lang='lat' dir='ltr'>res</span> <span class='ocrx_word' id='word_1_314' title='bbox 275 3627 393 3679; x_wconf 87' lang='lat' dir='ltr'>clliceret</span> <span class='ocrx_word' id='word_1_315' title='bbox 411 3636 492 3698; x_wconf 84' lang='lat' dir='ltr'>atque</span> <span class='ocrx_word' id='word_1_316' title='bbox 512 3648 574 3698; x_wconf 75' lang='lat' dir='ltr'>erga</span> <span class='ocrx_word' id='word_1_317' title='bbox 594 3641 712 3682; x_wconf 76' lang='lat' dir='ltr'>nostram</span> <span class='ocrx_word' id='word_1_318' title='bbox 736 3631 850 3690; x_wconf 79' lang='lat' dir='ltr'>salutem</span> <span class='ocrx_word' id='word_1_319' title='bbox 869 3633 1034 3693; x_wconf 82' lang='lat' dir='ltr'>furiosiorea,</span> <span class='ocrx_word' id='word_1_320' title='bbox 1052 3635 1152 3684; x_wconf 82' lang='lat' dir='ltr'>sericas</span> <span class='ocrx_word' id='word_1_321' title='bbox 1171 3643 1260 3686; x_wconf 73' lang='lat' dir='ltr'>vester</span> <span class='ocrx_word' id='word_1_322' title='bbox 1274 3634 1299 3684; x_wconf 88' lang='lat' dir='ltr'>iu</span> 
     </span>
     <span class='ocr_line' id='line_1_36' title="bbox 211 3699 1300 3774; baseline 0 -22"><span class='ocrx_word' id='word_1_323' title='bbox 211 3700 333 3752; x_wconf 79' lang='lat' dir='ltr'>medium</span> <span class='ocrx_word' id='word_1_324' title='bbox 351 3701 440 3749; x_wconf 79' lang='lat' dir='ltr'>afferri</span> <span class='ocrx_word' id='word_1_325' title='bbox 456 3699 543 3762; x_wconf 82' lang='lat' dir='ltr'>inerit,</span> <span class='ocrx_word' id='word_1_326' title='bbox 564 3709 593 3752; x_wconf 86' lang='lat' dir='ltr'>et</span> <span class='ocrx_word' id='word_1_327' title='bbox 609 3719 744 3753; x_wconf 88' lang='lat' dir='ltr'>murorum</span> <span class='ocrx_word' id='word_1_328' title='bbox 763 3702 911 3754; x_wconf 74' lang='lat' dir='ltr'>sonoribus</span> <span class='ocrx_word' id='word_1_329' title='bbox 932 3702 1083 3754; x_wconf 87' lang='lat' dir='ltr'>mercedem</span> <span class='ocrx_word' id='word_1_330' title='bbox 1102 3707 1255 3774; x_wconf 75' lang='lat' dir='ltr'>proposuit,</span> <span class='ocrx_word' id='word_1_331' title='bbox 1275 3711 1300 3754; x_wconf 78' lang='lat' dir='ltr'>et</span> 
     </span>
     <span class='ocr_line' id='line_1_37' title="bbox 211 3769 1300 3846; baseline 0.001 -23"><span class='ocrx_word' id='word_1_332' title='bbox 211 3774 258 3841; x_wconf 89' lang='lat' dir='ltr'>qni</span> <span class='ocrx_word' id='word_1_333' title='bbox 277 3769 397 3840; x_wconf 86' lang='lat' dir='ltr'>lapidem</span> <span class='ocrx_word' id='word_1_334' title='bbox 418 3786 452 3820; x_wconf 76' lang='lat' dir='ltr'>ex</span> <span class='ocrx_word' id='word_1_335' title='bbox 471 3786 504 3821; x_wconf 85' lang='lat' dir='ltr'>eo</span> <span class='ocrx_word' id='word_1_336' title='bbox 529 3778 634 3822; x_wconf 87' lang='lat' dir='ltr'>erutum</span> <span class='ocrx_word' id='word_1_337' title='bbox 655 3774 808 3837; x_wconf 75' lang='lat' dir='ltr'>attulisset,</span> <span class='ocrx_word' id='word_1_338' title='bbox 837 3774 892 3826; x_wconf 85' lang='lat' dir='ltr'>alta</span> <span class='ocrx_word' id='word_1_339' title='bbox 910 3791 976 3826; x_wconf 88' lang='lat' dir='ltr'>voce</span> <span class='ocrx_word' id='word_1_340' title='bbox 997 3774 1131 3834; x_wconf 77' lang='lat' dir='ltr'>reboans,</span> <span class='ocrx_word' id='word_1_341' title='bbox 1151 3777 1258 3846; x_wconf 78' lang='lat' dir='ltr'>quoties</span> <span class='ocrx_word' id='word_1_342' title='bbox 1275 3772 1300 3825; x_wconf 86' lang='lat' dir='ltr'>id</span> 
     </span>
     <span class='ocr_line' id='line_1_38' title="bbox 212 3843 1301 3915; baseline 0.003 -22"><span class='ocrx_word' id='word_1_343' title='bbox 212 3844 305 3912; x_wconf 83' lang='lat' dir='ltr'>egerit,</span> <span class='ocrx_word' id='word_1_344' title='bbox 325 3858 422 3892; x_wconf 74' lang='lat' dir='ltr'>munus</span> <span class='ocrx_word' id='word_1_345' title='bbox 440 3849 646 3910; x_wconf 81' lang='lat' dir='ltr'>reportaturum.</span> <span class='ocrx_word' id='word_1_346' title='bbox 665 3843 720 3894; x_wconf 81' lang='lat' dir='ltr'>illia</span> <span class='ocrx_word' id='word_1_347' title='bbox 739 3861 850 3914; x_wconf 85' lang='lat' dir='ltr'>quoque</span> <span class='ocrx_word' id='word_1_348' title='bbox 872 3845 917 3915; x_wconf 89' lang='lat' dir='ltr'>qui</span> <span class='ocrx_word' id='word_1_349' title='bbox 940 3846 1020 3915; x_wconf 91' lang='lat' dir='ltr'>primi</span> <span class='ocrx_word' id='word_1_350' title='bbox 1039 3863 1146 3896; x_wconf 87' lang='lat' dir='ltr'>murum</span> <span class='ocrx_word' id='word_1_351' title='bbox 1170 3844 1301 3898; x_wconf 78' lang='lat' dir='ltr'>ascenrlir·</span> 
     </span>
     <span class='ocr_line' id='line_1_39' title="bbox 210 3911 1299 3988; baseline 0.004 -24"><span class='ocrx_word' id='word_1_352' title='bbox 210 3922 287 3975; x_wconf 78' lang='lat' dir='ltr'>cent,</span> <span class='ocrx_word' id='word_1_353' title='bbox 306 3913 392 3964; x_wconf 90' lang='lat' dir='ltr'>multa</span> <span class='ocrx_word' id='word_1_354' title='bbox 413 3911 486 3962; x_wconf 88' lang='lat' dir='ltr'>bona</span> <span class='ocrx_word' id='word_1_355' title='bbox 504 3911 710 3982; x_wconf 77' lang='lat' dir='ltr'>spondebantur</span> <span class='ocrx_word' id='word_1_356' title='bbox 733 3923 760 3964; x_wconf 84' lang='lat' dir='ltr'>et</span> <span class='ocrx_word' id='word_1_357' title='bbox 781 3915 994 3983; x_wconf 82' lang='lat' dir='ltr'>pollicitationes</span> <span class='ocrx_word' id='word_1_358' title='bbox 1015 3917 1184 3968; x_wconf 85' lang='lat' dir='ltr'>innumerae.</span> <span class='ocrx_word' id='word_1_359' title='bbox 1223 3932 1299 3988; x_wconf 77' lang='lat' dir='ltr'>quare</span> 
     </span>
     <span class='ocr_line' id='line_1_40' title="bbox 211 3983 1299 4058; baseline 0.003 -25"><span class='ocrx_word' id='word_1_360' title='bbox 211 3986 397 4052; x_wconf 71' lang='lat' dir='ltr'>conspexisses</span> <span class='ocrx_word' id='word_1_361' title='bbox 420 3983 522 4034; x_wconf 80' lang='lat' dir='ltr'>inillis</span> <span class='ocrx_word' id='word_1_362' title='bbox 547 4001 602 4034; x_wconf 91' lang='lat' dir='ltr'>rem</span> <span class='ocrx_word' id='word_1_363' title='bbox 630 3984 703 4035; x_wconf 89' lang='lat' dir='ltr'>omni</span> <span class='ocrx_word' id='word_1_364' title='bbox 725 3984 903 4039; x_wconf 83' lang='lat' dir='ltr'>admiratione</span> <span class='ocrx_word' id='word_1_365' title='bbox 928 3985 1054 4053; x_wconf 81' lang='lat' dir='ltr'>dignam:</span> <span class='ocrx_word' id='word_1_366' title='bbox 1081 4004 1200 4058; x_wconf 86' lang='lat' dir='ltr'>namque</span> <span class='ocrx_word' id='word_1_367' title='bbox 1228 3986 1299 4040; x_wconf 89' lang='lat' dir='ltr'>obliti</span> 
     </span>
     <span class='ocr_line' id='line_1_41' title="bbox 211 4054 1300 4123; baseline 0.002 -18"><span class='ocrx_word' id='word_1_368' title='bbox 211 4070 324 4121; x_wconf 88' lang='lat' dir='ltr'>corpore</span> <span class='ocrx_word' id='word_1_369' title='bbox 344 4069 372 4104; x_wconf 84' lang='lat' dir='ltr'>se</span> <span class='ocrx_word' id='word_1_370' title='bbox 401 4054 456 4120; x_wconf 78' lang='lat' dir='ltr'>tegi</span> <span class='ocrx_word' id='word_1_371' title='bbox 475 4054 550 4123; x_wconf 85' lang='lat' dir='ltr'>quod</span> <span class='ocrx_word' id='word_1_372' title='bbox 577 4056 654 4106; x_wconf 85' lang='lat' dir='ltr'>letali</span> <span class='ocrx_word' id='word_1_373' title='bbox 675 4055 779 4106; x_wconf 83' lang='lat' dir='ltr'>vulneri</span> <span class='ocrx_word' id='word_1_374' title='bbox 798 4059 922 4109; x_wconf 77' lang='lat' dir='ltr'>resistcre</span> <span class='ocrx_word' id='word_1_375' title='bbox 949 4072 1004 4107; x_wconf 93' lang='lat' dir='ltr'>non</span> <span class='ocrx_word' id='word_1_376' title='bbox 1024 4057 1129 4110; x_wconf 83' lang='lat' dir='ltr'>valeret</span> <span class='ocrx_word' id='word_1_377' title='bbox 1148 4068 1177 4111; x_wconf 86' lang='lat' dir='ltr'>et</span> <span class='ocrx_word' id='word_1_378' title='bbox 1196 4067 1300 4112; x_wconf 77' lang='lat' dir='ltr'>mortem</span> 
     </span>
     <span class='ocr_line' id='line_1_42' title="bbox 211 4123 1298 4197; baseline 0.006 -21"><span class='ocrx_word' id='word_1_379' title='bbox 211 4123 264 4176; x_wconf 84' lang='lat' dir='ltr'>ribi</span> <span class='ocrx_word' id='word_1_380' title='bbox 284 4125 383 4177; x_wconf 73' lang='lat' dir='ltr'>sociam</span> <span class='ocrx_word' id='word_1_381' title='bbox 401 4123 528 4191; x_wconf 85' lang='lat' dir='ltr'>delerret,</span> <span class='ocrx_word' id='word_1_382' title='bbox 549 4134 677 4197; x_wconf 83' lang='lat' dir='ltr'>tanquam</span> <span class='ocrx_word' id='word_1_383' title='bbox 691 4127 819 4181; x_wconf 77' lang='lat' dir='ltr'>irnrnanes</span> <span class='ocrx_word' id='word_1_384' title='bbox 832 4127 941 4180; x_wconf 82' lang='lat' dir='ltr'>belluae</span> <span class='ocrx_word' id='word_1_385' title='bbox 955 4128 985 4180; x_wconf 92' lang='lat' dir='ltr'>in</span> <span class='ocrx_word' id='word_1_386' title='bbox 998 4146 1103 4182; x_wconf 89' lang='lat' dir='ltr'>murum</span> <span class='ocrx_word' id='word_1_387' title='bbox 1124 4129 1298 4196; x_wconf 64' lang='lat' dir='ltr'>contenderefi</span> 
     </span>
    </p>
   </div>
   <div class='ocr_carea' id='block_1_4' title="bbox 0 0 1368 5114">
    <p class='ocr_par' dir='ltr' id='par_1_7' title="bbox 0 0 1368 5114">
     <span class='ocr_line' id='line_1_43' title="bbox 0 0 1368 5114; baseline 0 0"><span class='ocrx_word' id='word_1_388' title='bbox 0 0 1368 5114; x_wconf 95' lang='lat' dir='ltr'> </span> 
     </span>
    </p>
   </div>
  </div>
 </body>
</html>
