2760 5092
467 601 787 667 mmmm
1086 568 1171 657 M

80 747 138 814 sui
155 748 296 831 ίκλείψει
316 748 336 834 ἧ
360 747 439 828 δόξα
457 749 585 835 Κηδοὶρ,
604 750 661 816 καί
672 751 708 815 τὸ
729 749 927 832 κατοὶλειμμα
939 754 1001 816 τῶν
1018 751 1172 832 τοξευμά-

79 872 143 912 των
173 845 253 913 υἱῶν
274 847 390 933 Κηδιὲρ
420 853 485 915 seir
515 851 657 932 ἰσχυρῶν
685 848 776 916 ἔσται
801 850 921 933 ὀλίγον,
952 846 1036 915 διότι
1063 845 1173 931 κδριος

78 947 232 1030 ἐλάλησεν
255 945 271 1010 ὁ
292 945 368 1023 θεὸς
388 948 540 1033 leporii?
563 942 648 1013 οὕτω
669 951 705 1014 δὲ
726 952 781 1014 καί
803 948 830 1012 δ’
843 949 1024 1035 σοφώτατος
1045 950 1174 1032 Eripu-
1223 965 1233 990 ⁸

76 1067 131 1119 θος
151 1041 167 1109 ὅ
186 1046 421 1129 Ἀλεξανδρεύς,
443 1049 668 1112 ἐπακολουθῶν
685 1051 729 1137 τῷ
748 1050 805 1112 τοῦ
824 1044 987 1132 προφήτου
1006 1044 1101 1134 ῥητῷ,
1120 1045 1175 1111 ἐπὶ
1268 1120 1274 1132 Ι
1317 1091 1321 1099 ·

45 1139 167 1219 ὅέτους
188 1145 292 1235 ,ςρλαζ
306 1148 520 1230 Σεπτεμβρίου
539 1148 576 1229 γ’,
597 1145 699 1234 ἡμέρη
723 1147 748 1222 ς’
769 1147 921 1229 θεμάτων
941 1148 1088 1230 περὶτῆς
1108 1147 1174 1210 τῶν

70 1240 279 1325 Ἰσμαηλιτῶν
289 1246 454 1326 βασιλείας
469 1243 673 1328 ποιησαςκαί
684 1250 861 1321 κανονίσας.
885 1237 1001 1321 “οδτος
1021 1243 1171 1328 κρατήσει

72 1341 110 1405 ἐν
130 1338 225 1423 ἰσχύϊ
232 1346 293 1422 μὲν
305 1341 360 1407 κατ’
379 1338 512 1431 εὖτυχίηι
534 1342 588 1429 ἔτη
600 1346 767 1427 τριακόσια
785 1347 883 1425 ίννὲα,
900 1346 934 1408 ἐν
947 1346 983 1407 δὲ
1002 1347 1172 1430 συστροφῇ

73 1436 131 1505 καί
149 1440 365 1530 οἷκαταστασιή
379 1445 472 1526 ἓτερα
488 1441 543 1528 ἔτη
559 1444 745 1528 πεντήκοντα
765 1447 809 1527 ἓξ,
831 1439 910 1509 ὥστε
931 1437 1010 1506 εἶναι
1027 1441 1084 1527 την
1096 1445 1169 1507 δια·

73 1536 225 1622 κράτησιν
238 1540 346 1605 ου’τῶν
364 1542 470 1607 πᾶσαν
485 1545 686 1625 ειίτυχοιῖσαν
701 1547 756 1608 καί
768 1546 990 1626 δυστυχοῦσαν
1009 1539 1064 1629 ἔτη
1083 1537 1171 1620 τξε’.”
1258 1594 1261 1600 .

27 1640 157 1712 roseric
178 1641 238 1719 μὲν
258 1642 354 1718 λοξοῖς
383 1639 439 1706 τὸν
457 1640 603 1726 χρησμόν
623 1643 891 1724 διαλαμβάνοντες
915 1645 1042 1726 λέγουσι
1065 1644 1169 1717 κακῶς

74 1735 265 1819 ε’θεμοὶτισεν
286 1735 305 1802 o‘
325 1738 538 1823 α’στρονδμος,
571 1740 784 1825 λαμβάνοντες
804 1740 861 1826 τήν
890 1739 994 1826 οίρχὴν
1013 1740 1071 1805 rosi
1088 1732 1169 1824 χρη-

73 1838 160 1917 σμοῦ
178 1839 213 1901 ἐκ
239 1839 299 1903 τοῦ
317 1840 484 1922 εἰρημένου
517 1837 627 1915 ἔτους·
674 1845 731 1905 καί
754 1841 813 1906 ἐὰν
841 1837 942 1917 οὕτως
970 1833 1011 1925 ἧν
1041 1838 1086 1916 uic
1109 1841 1168 1921 ε’μδ

72 1936 163 2017 παχδ
189 1935 314 2020 λεπτόν,
334 1936 507 2004 ἐλάνθανεν
519 1942 646 2006 ἐκεῖνον.
688 1938 750 2023 tyri
773 1941 809 2005 di
830 1940 911 2006 κατὰ
930 1939 964 2005 td
986 1943 1099 2005 δοκοῦν
1118 1963 1167 2003 τι·
1231 1938 1233 1947 '

72 2036 138 2100 νῶν
160 2033 347 2123 φιλοσόφων
368 2038 508 2122 οἷρίστσνν
528 2041 654 2124 α’νδροῖν
681 2036 776 2114 sidric
799 2042 856 2105 καί
877 2040 1065 2123 οἶνεχνιοκώς.
1108 2039 1166 2102 ου’κ

22 2132 180 2219 ιὸοἶρχην
209 2139 264 2219 τῆς
288 2138 350 2201 τῶν
369 2140 573 2222 Ἰσμαηλιτῶν
595 2142 766 2223 θρησκείας
794 2132 815 2223 ἢ
840 2144 1006 2223 βασιλείας
1027 2134 1043 2202 ὃ
1065 2135 1166 2223 σορὸς

73 2224 166 2308 οὗτος
186 2236 288 2300 ε’ποίει
308 2234 371 2299 α’πὸ
395 2240 459 2300 τοῖν
472 2238 600 2321 χρόνων
614 2240 774 2320 Μωὰμεθ,
797 2239 865 2303 ἀλλ’
885 2235 991 2323 ὥσπερ
1015 2239 1089 2322 περί
1099 2240 1164 2332 τῆς

71 2338 270 2421 προφητείαις
289 2333 412 2420 Δανιηλ
431 2340 488 2400 τοῦ
510 2339 614 2401 θείου.
633 2341 779 2420 τέταρτον
799 2338 913 2421 θηριόν
934 2337 1084 2430 ὀνομάζει
1106 2333 1165 2419 την

71 2435 137 2497 ταῖν
150 2432 317 2515 Ῥωμαίων
345 2438 535 2516 βασιλείαν·
591 2434 648 2500 καί
670 2438 727 2499 ουίι
756 2431 860 2521 ἆρχην
880 2440 1024 2502 ποιοῦσιν
1044 2433 1075 2499 οῖ
1094 2438 1165 2518 ἑξη-

70 2532 169 2616 χηταδ
185 2531 247 2598 α’πό
264 2531 391 2616 Ῥώμου
409 2537 465 2600 καί
479 2533 666 2616 Ῥωμύλου,
688 2527 759 2599 οὕτε
781 2538 969 2610 δυναστείας
986 2535 1163 2616 Ῥωμαίων,
1192 2578 1193 2581 ¹

19 2650 64 2695 ao
72 2632 332 2716 α’ριστυκρατείας
363 2637 594 2719 δημοκρατείας
620 2636 820 2719 διδοιιτορίας
841 2633 980 2709 δπατίας
1001 2634 1056 2698 καί
1069 2637 1165 2715 βασι-

69 2734 160 2808 λείας
184 2729 445 2818 μνημονεδουσιν,
468 2731 549 2799 α’λλοὶ
567 2731 664 2816 μόνον
689 2736 724 2800 ἐκ
738 2739 794 2799 τοῦ
810 2734 975 2816 Ὀκταβίου
996 2735 1163 2816 Καίσαρος

71 2831 128 2896 deri
148 2829 207 2916 τήν
226 2829 426 2899 κατάπαυσιν
442 2836 498 2918 τῆς
516 2835 706 2918 μοναρχίας,
728 2833 836 2910 καθώς
856 2830 1001 2898 κάτωθεν
1023 2828 1162 2917 ῥηθήσε-

68 2954 139 3021 ται.
181 2927 265 2997 οδτοο
284 2931 345 3015 μὲν
372 2932 429 2999 καί
447 2927 465 2996 δ
484 2931 670 3021 σοφώτατος
692 2936 853 3022 Στέφανος
875 2935 911 2999 ἐκ
931 2934 989 3000 τοῦ
1005 2930 1162 3016 Ὀτμοὶνου

71 3198 168 3263 cedar,
186 3207 215 3253 et
233 3199 366 3270 reliquiae
391 3200 540 3253 iaculorum
563 3200 674 3255 fortium
692 3200 810 3254 tiliorum
828 3199 914 3254 Cedar
939 3200 1052 3270 exiguae
1069 3207 1162 3265 eruut,

70 3270 202 3341 quoniam
224 3269 357 3335 dominus,
376 3270 442 3323 deus
459 3272 577 3337 Israelis,
595 3273 704 3325 locutus
723 3271 789 3325 est.’'
824 3272 860 3324 ad
900 3271 954 3324 uod
972 3272 1073 3323 dictum
1095 3290 1163 3342 pro·

68 3339 172 3412 phetae
191 3358 219 3393 se
237 3342 376 3412 applicans
388 3343 599 3411 sapientissimus
612 3345 764 3414 Stephanus
777 3290 982 3406 Alexandrinus,
1000 3359 1071 3393 anno
1081 3343 1162 3406 6131,

69 3411 238 3481 Septembris
258 3412 303 3463 die
323 3411 595 3477 thamnatsare,
622 3413 656 3466 de
676 3414 869 3482 ismaelitamm
894 3429 976 3481 reguo
1002 3411 1053 3463 hoc
1069 3411 1162 3465 thema

68 3483 138 3535 fecit
155 3492 183 3536 et
200 3484 350 3535 constituit.
366 3481 413 3535 “is
432 3493 559 3554 potenter
579 3493 608 3536 et
636 3502 764 3554 prospere
782 3485 905 3551 regnabit
921 3501 1007 3534 annos
1025 3491 1161 3536 trecentos

66 3570 180 3618 norem,
209 3555 238 3606 in
265 3571 354 3606 rerum
376 3556 505 3624 augustiis
533 3564 562 3608 et
578 3555 782 3624 perturbatione
802 3553 902 3606 deiude
920 3570 1006 3605 annos
1023 3555 1162 3624 quinqua.

67 3625 145 3692 ginta
164 3641 227 3687 sex,
252 3633 284 3677 ut
301 3626 413 3677 omnino
438 3642 530 3678 eorum
550 3627 691 3695 imperium
720 3634 778 3677 turn
804 3625 922 3676 faustum
938 3634 995 3676 tum
1013 3625 1161 3678 infaustum

67 3693 192 3747 futurum
212 3696 248 3746 sit
265 3712 314 3765 per
331 3714 416 3748 annos
438 3695 516 3750 365?
551 3697 679 3748 nonnulli
697 3696 854 3748 vaticinium
868 3712 1006 3765 perperam
1024 3695 1161 3766 interpre-

67 3767 135 3829 rati,
149 3776 339 3825 ,astronomum
360 3767 432 3818 male
461 3768 650 3819 ratiocinatum
670 3784 727 3820 esse
747 3767 886 3826 affirmant,
905 3767 1010 3818 initium
1030 3765 1161 3820 ducentes

67 3835 174 3899 abeo,
202 3854 283 3907 quem
311 3837 384 3900 disi,
402 3854 482 3889 anno.
520 3837 633 3910 quodsi
662 3839 700 3889 ita
726 3846 810 3901 esset,
840 3837 923 3888 salsus
941 3838 990 3889 ille
1016 3836 1096 3891 tores.
1132 3846 1162 3891 at

69 3906 199 3976 equidem
216 3907 251 3959 de
270 3924 301 3959 ea
320 3925 348 3960 rs
367 3908 536 3978 quorundam
557 3908 770 3960 doctissimorum
788 3907 928 3959 hominum
945 3910 1094 3961 sententias
1113 3925 1161 3959 co-

68 3978 151 4046 gnovi
169 3987 198 4031 et
215 3978 308 4042 didici,
326 3979 475 4031 secuudum
496 3975 562 4051 qu'as
582 3979 691 4048 sapiens
709 3979 757 4031 ille
776 3980 817 4031 vir
833 3980 942 4032 initium
961 3979 1160 4049 superstitionis

67 4055 99 4100 et
116 4050 224 4119 imperii
245 4050 441 4102 ismaelitarum
458 4068 514 4102 non
540 4067 557 4101 a
573 4049 736 4102 Mobarnetis
755 4058 845 4102 aetate
863 4049 959 4112 duxit,
977 4049 1026 4101 sed
1046 4049 1080 4099 ad
1099 4065 1160 4099 mo·

67 4119 135 4172 dum
150 4121 271 4172 vaticinii
291 4120 377 4172 divini
392 4122 513 4173 Danielis
531 4120 637 4173 locutus
662 4129 711 4173 est.
747 4122 771 4173 is
788 4129 911 4190 quartam
929 4120 1042 4172 bestiam
1063 4121 1161 4169 itoma-

65 4207 166 4243 norum
185 4191 327 4261 imperium
345 4192 509 4261 appellavit:
535 4209 586 4243 nec
605 4194 769 4260 interpretes
789 4209 804 4242 a
824 4194 906 4243 Remo
925 4199 953 4242 et
968 4189 1081 4253 Romulo
1104 4189 1160 4257 ini-

64 4261 136 4314 tium
154 4264 273 4332 capiunt,
292 4270 340 4314 aut
358 4262 536 4313 Romanorum
554 4263 736 4332 principatus,
763 4261 906 4326 nobilium,
918 4260 1022 4383 plebis,
1041 4259 1160 4311 dictato-

65 4349 137 4394 rum,
158 4334 309 4396 consulum,
327 4349 418 4400 regum
436 4333 549 4401 imperia
567 4342 788 4396 commemorant,
806 4332 854 4385 sed
867 4332 900 4383 ab
944 4331 1031 4381 etauio
1052 4329 1160 4385 demum

65 4403 181 4455 Caesare
198 4413 309 4473 propter
330 4404 432 4455 exitum
460 4402 648 4466 monarchiae,
673 4402 899 4474 quemadmodum
918 4400 990 4452 iufra
1008 4399 1159 4454 docebitur.

66 4470 165 4528 eodem
184 4472 267 4545 igitur
284 4473 365 4530 modo
388 4471 603 4547 sapientissimus
630 4474 783 4547 Stephanus
811 4473 846 4526 ab
864 4472 981 4527 Otmaue
1007 4488 1096 4525 amera
1116 4488 1161 4547 ca·
