2844 5092
465 596 541 661 ut.
561 596 617 687 ιιι,
648 597 740 663 cat).
771 598 812 663 ιι.
1099 566 1183 659 225

92 746 146 808 κατ’
179 739 279 820 οῦιοος
313 745 459 830 ἐμηνύθη
486 746 622 830 ῦμέγας
650 747 726 827 ioci}
755 747 809 812 διά
830 749 989 830 rotilgani
1009 752 1065 814 καί
1084 752 1187 815 αύτοῦ

93 846 270 925 ουντέκνου,
290 849 349 908 τοῦ
361 845 570 931 ὶερομονάχοο
583 850 640 912 καί
656 851 873 930 πνευματικοῦ
886 847 1185 936 πατρόςΝεοφύτοιι

93 947 148 1008 τοῦ
169 945 203 1008 ἐν
223 949 263 1031 τή
282 948 341 1008 τοῦ
362 950 581 1028 Χαρσιανίτου
609 948 700 1036 μονή.
744 950 801 1011 καί
831 948 972 1022 α’κούσας
998 944 1187 1030 ύΝοταρῦς

94 1046 165 1126 περί
174 1046 266 1108 τοῦδέ
282 1048 341 1107 τοῦ
357 1045 509 1133 ὀφῳικίου
529 1043 662 1129 ἔστερξε,
672 1045 752 1133 πλήν
761 1043 912 1123 ἑκουσίως
924 1043 945 1130 ή
957 1048 1113 1125 ἀκουσίως
1128 1048 1187 1112 οῦκ

74 1139 181 1208 iniria·
223 1144 279 1208 καί
297 1147 419 1225 μᾶλλον
440 1147 598 1210 ἐδείκνυεν
618 1144 667 1211 ὅτι
688 1148 743 1210 καί
767 1149 841 1232 πρίν
863 1143 884 1231 ή
902 1150 960 1211 τοῦ
981 1150 1080 1211 εἰπεῖν
1099 1151 1188 1237 αῦτιβ

96 1246 168 1326 περί
186 1245 301 1309 τούτου
322 1246 477 1327 ἐλογίζετο
499 1249 640 1330 ποιήσαι,
661 1241 746 1322 ὅπως
765 1248 822 1310 καί
843 1244 860 1309 i
880 1243 1033 1328 βασιλεύς
1053 1246 1187 1328 άντιχα·

96 1342 220 1428 ρίσητιιι
242 1352 307 1420 τοῖς
327 1341 409 1418 υἱοῖς
430 1344 535 1409 αῦτοῦ
556 1338 654 1430 ἄλλην
672 1345 743 1409 τινά
765 1342 872 1427 τιμήν.
929 1349 1028 1410 ταῦτα
1050 1338 1108 1408 οῦν
1128 1348 1185 1410 πέό

97 1466 150 1524 ρας
173 1443 232 1506 σύκ
254 1439 369 1524 ἔλαβον
391 1442 445 1508 διά
464 1446 522 1528 τήν
541 1447 665 1527 ταχέως
686 1445 886 1509 ἐπελθοῦσαν
907 1444 952 1519 εἷς
972 1442 1057 1528 ἡμᾶς
1077 1441 1186 1526 κοινήν

95 1539 278 1627 συμφοράν.
335 1545 390 1606 καί
408 1542 501 1610 πάλιν
520 1537 589 1609 είιιέ
607 1568 663 1626 μοι
684 1542 700 1609 ὅ
719 1541 873 1627 βασιλεύς
891 1538 941 1608 iu
962 1535 1077 1627 ήθελεν
1096 1544 1189 1625 ariao*

54 1642 227 1726 ῖῠγετήοοιί
242 1664 297 1721 μοι
318 1642 375 1706 καί
393 1641 449 1727 τήν
468 1645 613 1728 τοιαύτην
633 1642 740 1728 χάριν,
761 1643 814 1707 ἵνα
835 1641 969 1730 συζεύξη
991 1644 1035 1719 είς
1054 1651 1188 1726 γυναῖκα

97 1740 152 1823 τήν
172 1740 254 1825 ἐμήν
277 1748 437 1828 θυγατέρα
459 1746 503 1831 τῷ
523 1745 675 1832 νεανίσκῳ
699 1732 805 1832 ἐκείνῳ
826 1739 975 1830 Νικολάῳ
999 1745 1043 1829 τῳ
1062 1745 1190 1807 Meleo-

97 1842 189 1929 σηνηῦ,
208 1844 252 1927 τῷ
271 1839 333 1927 υἱῷ
353 1846 428 1906 ποτὲ
449 1842 635 1929 Νικηφόρον
664 1844 720 1907 τοῦ
744 1843 960 1928 Μελισσηνοῦ,
984 1840 1020 1907 ὃν
1040 1839 1097 1906 καί
1116 1844 1191 1905 Με·

97 1938 285 2023 λισσοοργῦν
306 1940 527 2024 ἐπωνόμαζον,
554 1946 611 2008 τοῦ
642 1944 698 2006 καί
728 1938 870 2025 μεγάλου
899 1938 1190 2027 πρωτοστράτορος,

98 2035 232 2123 ῦστερον
261 2041 296 2105 δὲ
322 2043 378 2103 καί
399 2047 632 2126 μητροπολίτου
653 2042 830 2125 γεγονότος,
853 2037 897 2116 αἱς
928 2045 964 2105 ἐν
984 2043 1026 2128 τῷ
1049 2041 1188 2128 δευτέρῳ

22 2127 84 2192 ¹5
98 2141 209 2227 βιβλίῳ
242 2142 297 2223 τής
316 2139 407 2223 ήμῶν
440 2140 582 2224 ἱστορίας
611 2142 835 2224 ἐμνήσθημεν·
876 2138 933 2205 καί
953 2139 1009 2223 τήν
1026 2141 1190 2224 ἐπιτροπι-

99 2236 154 2321 κήν
172 2239 334 2323 διοίκησιν,
346 2234 387 2321 ἢν
401 2238 639 2323 προειρήκαμεν,
660 2244 723 2306 τοῦν
743 2238 858 2305 τούτου
877 2236 981 2304 τύπων
1002 2237 1058 2303 καί
1078 2239 1193 2321 χώραν

99 2338 181 2425 δούσῃ
208 2362 264 2420 μοι
284 2341 341 2404 τοῦ
370 2339 493 2404 ἰθύνειν
513 2339 569 2403 καί
599 2342 762 2425 κυβερνᾶν,
785 2342 845 2415 ἓιος
866 2332 904 2403 ού
927 2337 947 2422 ή
967 2339 1027 2421 ἐμή
1050 2335 1193 2421 θυγάτηρ

98 2436 131 2502 τύ
155 2442 288 2505 δέκατον
317 2444 467 2523 τέταρτον
498 2439 564 2516 ἐιος
587 2442 699 2528 φθάσῃ
728 2444 783 2506 καί
811 2437 828 2502 i
850 2436 950 2521 γάμος
970 2444 1085 2512 τέλειος
1103 2440 1194 2520 γένη-

99 2560 156 2604 ται.
179 2543 235 2603 καί
254 2533 334 2623 αῦτη
355 2541 414 2620 μὲν
433 2532 471 2623 ήν
493 2539 513 2623 ή
543 2537 704 2623 ῦπόθεσις,
726 2544 801 2622 περί
820 2531 859 2623 ἧς
878 2536 983 2620 ἔλεγεν
1003 2536 1020 2602 ά
1039 2535 1192 2618 βασιλεύς

13 2631 146 2700 'otu
164 2635 198 2703 αἱ
222 2640 264 2702 δι’
284 2641 364 2719 ἐμοῦ
385 2644 551 2722 πρεσβεῖαι
577 2639 633 2703 καί
660 2636 840 2731 ῦδριπορίαι
867 2635 1043 2703 παύσωσιν.
1085 2633 1192 2719 είρηκέ

98 2739 226 2809 μοικαί
257 2741 366 2819 τοῦτο,
398 2734 446 2803 ὅτι
470 2743 504 2805 ἐν
529 2742 570 2827 τή
595 2736 826 2827 Πελοποννήσῳ
856 2729 970 2822 ήθελεν
1001 2736 1191 2801 ἀποστεῖλαι

97 2831 202 2921 ἕτερόν
217 2861 287 2902 τινα
310 2839 373 2903 νῦν
393 2843 534 2922 γηραιῶν
563 2838 741 2921 άρχύνιων,
769 2840 822 2902 ἵνα
841 2836 880 2902 τά
902 2840 1023 2913 ἐκεῖσε,
1046 2834 1089 2912 ὥς
1110 2834 1190 2929 ἔφη·

95 2956 162 3019 μεν,
185 2935 349 3026 διορθάση
369 2937 450 3020 μετά
467 2941 531 3004 τάν
547 2937 697 3026 diripuit
715 2931 828 3021 αύτοῦ,
849 2940 905 3002 καί
925 2934 1081 3002 άνάθεσιν
1102 2930 1188 3020 δύσῃ

87 3201 141 3262 θοι,
153 3197 202 3268 qui
213 3214 263 3266 per
276 3207 363 3251 totum
374 3197 446 3250 <liena
455 3215 558 3250 mecum
571 3199 626 3252 aiut
639 3200 669 3251 in
680 3198 782 3268 palatio
794 3196 829 3249 ad
840 3193 1017 3268 providenda,
1027 3189 1187 3255 ordinanda,

86 3275 118 3321 et
138 3267 268 3320 facienda
299 3271 450 3322 necessaria
480 3279 536 3322 tum
555 3271 663 3322 servitia
691 3280 748 3321 tum
767 3269 879 3322 consilia
895 3262 1028 3338 imperil.”
1046 3274 1129 3334 atque
1147 3263 1189 3314 ita

81 3336 276 3410 ⁸lgniiicatum
295 3349 336 3392 eat
353 3356 449 3409 magno
468 3339 531 3391 <luci
557 3356 606 3409 per
625 3357 715 3392 moiun
743 3348 772 3393 et
797 3340 882 3409 ipsius
904 3344 1074 3406 compatrem,
1093 3333 1187 3385 hiero·

77 3409 257 3463 monachum
285 3421 314 3463 et
343 3411 511 3482 spiritualem
553 3420 637 3463 atrem
664 3411 850 3481 Neophytum‚
873 3410 921 3481 qui
951 3409 980 3459 in
1002 3404 1187 3456 Charaianltao

74 3482 258 3534 monasterio
290 3491 355 3536 erat.
390 3483 504 3535 edoctae
529 3429 563 3533 ἐε
594 3481 646 3534 hoc
665 3481 752 3533 officio
770 3479 898 3544 Notaraa,
925 3495 981 3531 non
1001 3475 1188 3547 repugnabat,

74 3555 185 3606 *urum
204 3552 323 3606 libenter
342 3561 442 3619 umen,
472 3570 506 3606 an
531 3554 644 3616 invitus,
662 3554 774 3604 nescio:
798 3567 960 3623 quamquam
978 3564 1043 3620 prae
1064 3564 1092 3599 ae
1113 3547 1186 3598 iere·

71 3608 145 3688 bat,
167 3623 251 3675 etiam
270 3632 332 3676 ante
373 3642 432 3677 uam
446 3624 564 3677 monitus
581 3632 665 3688 estet,
682 3625 813 3692 cogitasse
832 3638 861 3675 ee
880 3620 954 3674 letud
973 3621 1072 3682 facere,
1090 3625 1122 3670 nt
1134 3617 1188 3668 lm·

70 3698 204 3816 teratur
232 3696 317 3765 ipsius
340 3642 404 3746 filiis
429 3698 509 3747 aliam
539 3695 688 3764 impertiret
707 3693 875 3762 (lignitatem.
903 3700 932 3745 at
952 3692 1023 3743 enim
1043 3689 1111 3741 haec
1129 3703 1186 3741 non

104 3767 249 3818 abuerunt
268 3768 367 3818 exitum
388 3776 499 3838 propter
522 3782 689 3817 communem
709 3766 788 3816 citios
807 3766 835 3816 in
853 3780 904 3816 noa
923 3764 1093 3831 ingruentem
1111 3762 1185 3811 cala·

69 3840 225 3890 ¹uitatem.
245 3853 335 3888 rursus
354 3837 421 3888 mihi
440 3836 577 3889 affirnaavit
594 3838 748 3907 imperator,
766 3837 846 3888 etiam
859 3835 929 3886 hanc
942 3850 970 3885 se
989 3832 1056 3884 mihi
1074 3833 1185 3902 gratiam

70 3902 283 3974 ‘latururn,„ut
310 3908 393 3960 filiam
416 3924 503 3960 meam
521 3910 613 3960 iuveni
638 3908 785 3960 collocaret
808 3907 922 3959 Nicolao
948 3905 1104 3964 Meliorem,
1125 3899 1184 3953 fillo

68 3967 241 4047 Nicephori
259 3979 409 4041 Melitaeni,
429 3997 509 4050 quem
531 3978 720 4048 Meliseurgum
745 3977 990 4048 cognominabant,
1009 3976 1100 4043 inagni
1117 3987 1184 4043 pro·

69 4046 265 4111 toanatoria,
294 4059 389 4120 poetea
410 4068 473 4102 vero
491 4051 573 4103 etiarn
592 4051 783 4120 metropolitae
807 4047 1034 4109 munerosuncti,
1052 4039 1184 4115 quemad·
1242 4057 1244 4062 ·

71 4117 204 4170 modum
222 4119 395 4172 historiarum
415 4122 486 4172 libro
503 4122 622 4173 secundo
641 4122 920 4186 commemorationum
939 4118 1078 4186 pollicitae
1093 4114 1185 4173 etiam,

72 4188 255 4243 traditurum
272 4208 301 4243 ιε
320 4192 388 4244 mihi
407 4193 541 4256 vicariam,
560 4194 636 4245 cuiue
658 4201 721 4244 ante
739 4194 906 4244 mentionem
925 4189 1048 4249 lecimus,
1067 4181 1186 4235 calmini-

75 4260 253 4313 ttrationem
272 4261 391 4315 locorum
411 4264 469 4315 eiua
487 4262 711 4336 oppidorumque,
729 4279 800 4333 quae
811 4262 940 4315 haberem
960 4266 989 4310 et
1006 4269 1186 4328 procurarem,

77 4330 181 4382 donec
202 4331 259 4383 illia
283 4345 351 4385 mea·
367 4334 499 4386 decimum
518 4343 645 4406 quartum·
673 4350 774 4386 annum
792 4333 927 4401 attigiuet
955 4338 984 4381 et
1002 4326 1114 4394 nuptiate
1133 4323 1185 4374 fae:

76 4411 153 4454 rent
182 4410 265 4473 atque
283 4402 335 4457 lanc
355 4404 425 4457 illud
452 4405 520 4465 fuit,
547 4405 577 4457 in
601 4419 656 4476 quo
677 4406 826 4474 legationes
844 4412 872 4454 et
898 4401 996 4453 itinera
1017 4410 1076 4448 mea
1104 4394 1186 4470 {laem

81 4485 151 4524 ease
172 4470 300 4527 habitura
321 4476 466 4548 imperator
483 4474 628 4529 affirmarit.
655 4471 727 4527 ialem
747 4473 814 4527 mihi
828 4473 907 4536 dixit,
923 4470 996 4523 velle
1015 4481 1045 4519 ιε
1062 4468 1096 4527 in.
1107 4465 1186 4519 Pelo

183 4575 345 4632 Ρίιταπετιι.
968 4577 997 4627 ι5
