2752 5092
177 279 227 331 10
484 280 657 343 GEORGli
688 281 930 343 PHRANTLAE

170 432 302 511 βασιλεῖ
320 432 486 513 πεποίρκτ·
529 433 585 494 καί
597 431 693 494 πάλιν
714 429 878 514 ἀντέλεγον
893 429 922 496 οἱ
945 433 1085 515 ἐλέγχειν
1105 430 1263 518 ἑτέρωθεν

170 528 397 609 προτείνοντες.
442 527 510 591 ἄλλ’
530 530 588 592 ου’κ
608 525 781 614 ἐφάνησαν,
803 530 847 606 ὡς
870 529 1005 620 άληθείρι
1019 532 1122 597 ἐδόκει
1142 535 1199 598 καί
1220 533 1264 609 ὥς

171 626 302 706 ψευδεῖς
321 621 355 689 αἱ
376 627 524 708 διαβολαί
544 625 673 704 ἔδοξαν,
697 630 729 692 εἰ
746 628 802 693 καί
821 627 1049 711 σχεδιάσαντος
1068 632 1128 696 τοῦ
1148 636 1264 717 καιροό

171 726 228 789 καί
237 720 338 798 οὕτως
355 717 403 807 ἦν.
424 723 509 806 όμως
530 726 547 791 ό
566 725 717 808 βασιλεὺς
732 725 911 813 προστάξας
932 730 1067 814 ἐνόρκως
1084 736 1265 814 βεβαιῶσαι

171 820 219 888 ὅτι
240 823 274 887 αἱ
296 826 447 906 διαβολαί
463 829 593 908 ψευδεῖς
614 826 679 893 εἰσί
697 829 753 893 καί
771 827 937 895 ου’πάιιοτι
958 833 1119 917 ἐβουλήθη
1132 833 1292 916 ποιῆσαιὸ

172 919 481 1011 άέσυκοφαντήθη·
525 925 544 991 ό
565 929 620 991 καί
638 930 770 1011 ἐγένετο.
819 932 876 994 καί
896 931 1068 1015 δλεόθιρον
1087 926 1168 997 εἶναι
1191 934 1266 996 τοῦ·

172 1047 226 1087 τον
246 1025 409 1090 ἐκέλευσεν
428 1023 445 1090 ό
464 1025 617 1110 βασιλεβς
636 1028 694 1111 τῆς
714 1030 883 1113 καταδίκης
906 1031 963 1096 καί
980 1030 1120 1113 ὑποψίας
1141 1026 1268 1114 άπάσης

174 1125 232 1188 καί
256 1119 314 1206 τὴν
340 1128 499 1208 προτέραν
530 1125 763 1209 ἀπολαμβάνειν
788 1131 898 1214 τιμήν,
930 1131 985 1196 καί
1012 1126 1071 1215 τὴν
1099 1129 1269 1216 ἡγεμονίαν

175 1224 325 1289 Νικαέων
346 1226 518 1309 ἐπέτρεψεν
537 1226 634 1292 αότόν
658 1225 756 1310 ἔχειν.

258 1321 408 1406 Ποιήσας
425 1326 460 1389 δὲ
473 1350 543 1390 τινα
562 1324 674 1411 καιρόν
695 1329 729 1392 όν
748 1330 788 1414 τῇ
801 1329 952 1416 Βιθυνίᾳ,
976 1319 1043 1392 εἶτα
1058 1324 1170 1414 φυγάν
1190 1321 1269 1392 άνα-
1282 1347 1318 1388 ιο

174 1420 327 1506 χωρήσας
348 1425 438 1509 διέβη
460 1426 495 1489 ἐν
514 1428 558 1513 τῷ
578 1426 694 1514 Ἰκονίῳ
715 1426 796 1510 πρός
816 1426 872 1493 τόν
888 1428 1068 1492 σουλτάνον.
1118 1427 1139 1512 ἦ
1162 1429 1197 1492 δὲ
1220 1429 1272 1492 αι’·

176 1524 231 1586 τία
253 1526 311 1606 τῆς
336 1528 440 1609 φυγῆς
471 1528 576 1591 ου’τοό
602 1519 642 1610 ἦν
661 1523 713 1590 ότι
742 1522 828 1614 ἓάρα
858 1529 917 1592 ου’κ
946 1528 1069 1609 όλίγους
1096 1529 1168 1591 κάλ’
1196 1523 1271 1591 ἐκά-

178 1645 255 1705 στην
276 1621 399 1705 ἡμέραν
418 1625 513 1691 πάλιν
532 1629 569 1691 ἐκ
589 1629 737 1712 δευτέρου
758 1625 877 1703 πολλάς
900 1623 1049 1711 μηχανάς
1067 1623 1273 1710 πολυτρόπως

177 1718 374 1807 συρράπτειν
403 1725 479 1810 περί
507 1730 610 1792 ου’τοό
639 1730 699 1791 καί
719 1727 935 1814 συκοφαντίας
964 1725 1042 1811 πρὸς
1060 1726 1116 1792 τόν
1138 1731 1273 1808 βασιλέα

178 1821 280 1887 ἕνεκεν
299 1820 421 1907 φθόνου
452 1825 509 1891 καί
536 1824 760 1912 ψιθυρισμοάς
788 1824 922 1902 πολλοός
942 1824 997 1890 καί
1016 1823 1128 1910 λόγους
1147 1827 1274 1912 φθόνου
1288 1823 1323 1886 ι5

179 1919 317 2003 μεστοός
338 1920 445 2005 λάθρα
464 1924 521 2009 τὴν
541 1924 638 2012 άκοῆν
658 1929 758 1992 aurosi
777 1929 1040 2010 περικλύζοντος,
1061 1924 1119 1990 καί
1137 1924 1274 1990 πάντοτε

179 2019 330 2096 κολάσεις.
348 2027 415 2087 κατ’
437 2026 540 2090 αότοό
570 2024 651 2109 πρός
677 2029 735 2092 τοῦ
766 2029 921 2109 βασιλέως
941 2027 1157 2107 μιλετωμένας
1179 2022 1275 2106 ἐμάν-

179 2125 271 2185 θανε.
315 2123 369 2208 ἐφ’
400 2123 538 2208 ἡσυχίας
564 2129 669 2207 μένειν
697 2122 779 2203 όλως
799 2129 856 2191 ου’κ
883 2125 1035 2206 ἐδόνατο,
1056 2120 1137 2190 άλλά
1157 2123 1276 2205 μεστός

180 2224 338 2303 λογισμόν
367 2221 522 2307 όπάρχων
553 2229 608 2290 καί
638 2229 854 2314 φοβούμενος·
907 2226 964 2289 καί
997 2223 1057 2309 γάρ
1090 2224 1208 2289 ἐδεδίει
1238 2220 1275 2285 τό

180 2320 356 2407 δξόρροπον
383 2324 438 2389 καί
455 2323 617 2408 α’πότοριον
641 2325 697 2392 καί
719 2327 837 2411 ἀπηνὲς
867 2329 926 2391 sori
946 2324 1197 2413 αὐτοκράτορος,
1221 2317 1324 2388 saiso

181 2421 275 2488 οόδὲν
306 2419 425 2510 ἥμερον
453 2419 528 2490 οὐδὲ
548 2428 719 2507 συμπαθὲς
740 2427 859 2492 ἐνενόει
878 2422 1094 2510 γενησόμενον.
1147 2422 1219 2486 ἐπεὶ
1239 2422 1275 2486 δὲ

257 2612 277 2645 ι.
297 2595 326 2646 οἱ
343 2610 386 2645 om
409 2593 439 2644 Μ
509 2609 534 2648 n.
552 2595 722 2664 προύτεινον
739 2594 769 2648 Μ
858 2591 905 2666 ὥς]
925 2594 956 2647 ἐν
977 2591 1007 2643 Μ
1077 2591 1104 2642 3.
1123 2588 1275 2651 ἔδειξανΜ

252 2666 276 2730 4.
296 2667 345 2718 ἵνα
363 2662 486 2749 λχόρκως
501 2665 639 2750 βεβαιώσχ
658 2666 687 2717 Μ
728 2726 735 2747 ⁸
776 2661 959 2748 5-dosinossP
1035 2663 1061 2745 6
1078 2665 1127 2715 καὶ
1143 2660 1277 2719 κελεύσας

253 2733 268 2789 ό
284 2738 414 2806 βασιλευς
440 2736 587 2808 ἐλεύθερον
609 2756 640 2792 το
658 2739 757 2793 λοιπον
779 2754 827 2803 της
844 2735 873 2787 Μ
976 2734 1004 2825 8ἑ
1018 2751 1066 2798 της
1083 2736 1223 2804 προτέρας
1241 2761 1277 2772 -·

253 2877 372 3001 steigi)
465 2897 583 2935 ιατινα
602 2876 784 2951 eteroscii
881 2876 920 2931 18.
937 2820 1100 2943 ἧδόινχάόολ)
1171 2871 1277 2944 audi]

253 2966 302 3003 και

183 3110 311 3162 commoti
330 3116 358 3161 et
376 3107 583 3162 aemulatione?⁸
600 3109 643 3163 bis
660 3108 761 3162 auditis
782 3109 925 3179 episcopus
948 3108 983 3160 acl
1001 3110 1193 3178 imperatorem
1212 3123 1279 3158 cun-

184 3192 227 3233 cta
247 3181 392 3232 renuntiat
418 3199 509 3234 rursus
538 3191 631 3234 contra
653 3182 763 3243 dicunt,
787 3181 835 3251 qui
858 3182 960 3233 crimen
978 3179 1021 3232 iili
1039 3178 1230 3233 intendebant.
1251 3185 1280 3229 at

184 3270 241 3304 non
258 3251 423 3303 videbantur
438 3269 502 3304 vere
520 3252 627 3316 dicere,
652 3252 699 3305 sed
718 3253 912 3304 commenticiis
931 3253 972 3303 nti
995 3251 1152 3312 calumniis,
1171 3249 1279 3301 etiamsi

184 3332 287 3394 postea,
305 3324 468 3375 conciliante
488 3333 624 3395 tempore,
642 3341 683 3376 res
705 3323 744 3375 ita
765 3324 865 3376 evenit.
882 3331 1067 3374 verumtamen
1088 3320 1210 3374 decrevit
1226 3322 1281 3370 im-

185 3403 302 3464 perator,
321 3401 352 3444 ut
369 3394 429 3445 iilos
446 3412 533 3447 meras
555 3413 613 3447 esse
631 3396 795 3458 calumnias,
811 3410 863 3446 nee
882 3410 1003 3463 unquam
1023 3409 1052 3445 se
1064 3393 1190 3444 molitum
1212 3407 1280 3453 esse,

186 3464 222 3516 de
241 3481 296 3535 quo
320 3474 492 3533 argueretur,
510 3466 686 3518 iureiurando
704 3466 867 3535 interposito
885 3464 1003 3516 Michaei
1022 3471 1196 3515 asseveraret.
1225 3478 1280 3530 quo

187 3536 269 3600 iacto,
289 3552 350 3587 eum
363 3544 391 3587 et
402 3537 512 3589 crimine
523 3547 551 3591 et
564 3539 720 3608 suspicione
738 3537 811 3589 omni
826 3536 943 3588 liberum
963 3552 1021 3587 esse
1032 3535 1211 3604 pristinisque
1229 3533 1282 3585 ho·

187 3607 301 3658 neribus
323 3608 430 3658 restitui
449 3609 544 3672 iussit,
562 3626 593 3660 ac
611 3608 745 3678 praefecit
762 3608 875 3675 insuper
893 3608 999 3659 civitati
1021 3605 1219 3658 Nicaeensium.

287 3677 474 3731 Commoratus
492 3679 658 3749 aliquamdiu
680 3681 709 3732 in
725 3677 855 3745 Bithynia
871 3676 991 3729 Michael
1011 3695 1073 3729 mox
1092 3677 1156 3744 fuga
1175 3691 1205 3726 se
1223 3676 1283 3726 ico·

188 3748 264 3800 nium
289 3747 324 3799 ad
343 3749 478 3801 sultanum
500 3752 611 3820 recepit.
630 3751 707 3803 cuius
727 3749 808 3818 fugae
826 3766 906 3801 causa
926 3757 1001 3812 erat,
1022 3747 1097 3818 quod
1119 3764 1208 3797 narsus
1226 3759 1283 3795 non

188 3836 290 3890 paucos
308 3818 361 3870 sibi
386 3819 492 3873 invidos
517 3822 618 3874 multas
637 3820 765 3892 quotidie
789 3820 929 3872 machinas
950 3820 1084 3890 dolosque
1102 3817 1176 3887 apud
1195 3818 1284 3886 impe-

188 3898 306 3943 ratorem
324 3901 427 3943 struere
445 3891 691 3955 animadvertebat,
719 3900 748 3944 et
764 3908 843 3943 aures
862 3893 918 3943 eius
938 3890 1075 3943 sentiebat
1092 3886 1284 3940 susurrationi·

189 3959 240 4013 bus
259 3961 485 4033 sermonibusque
502 3964 629 4033 nralignis
654 3963 856 4031 circumstrepi,
875 3971 958 4033 atque
978 3963 1168 4031 imperatorem
1186 3973 1285 4026 perpe-

190 4040 238 4082 tuo
258 4042 352 4085 contra
375 4051 404 4086 se
422 4034 548 4087 meditari
571 4036 705 4105 suppiicio
729 4033 911 4101 intelligebat.
937 4031 1113 4102 quamobrem
1140 4029 1229 4100 quieti
1256 4043 1285 4079 se

192 4102 256 4152 sisse
274 4104 356 4173 plane
373 4122 430 4156 uon
447 4115 571 4175 poterat,
595 4104 643 4157 sesi
663 4103 875 4174 cogitationibus
904 4103 1056 4172 agitabatur
1073 4109 1214 4172 metuque.
1233 4116 1287 4149 no·

190 4182 267 4224 serat
284 4176 356 4227 enim
374 4192 503 4249 praeceps
525 4187 552 4231 et
569 4195 628 4230 acre
646 4185 729 4248 atque
750 4175 784 4228 ab
803 4176 877 4229 omni
905 4176 1050 4228 clementia
1068 4173 1187 4225 alienum
1209 4172 1287 4239 inge-
