2844 5092
250 264 333 349 218
560 293 734 356 uuonan
765 295 1008 356 anaauman

248 431 402 523 ιῖγροίφως
426 441 481 503 καί
509 439 680 524 συνήθεια·
730 439 826 523 νόμος
858 440 920 524 γὰρ
942 438 982 505 τοὶ
1005 438 1121 523 πάτρια
1144 443 1233 505 δοκεῖ
1250 434 1341 505 εἰναι.

248 535 292 612 ῶς
312 539 437 620 πρῶτον
454 542 554 624 Σῆρες
572 539 602 603 oi
621 537 658 603 τὸ
679 531 777 623 ῶκρον
793 542 848 624 ’τῆς
860 544 918 624 γῆς
932 541 1088 615 οἰκοῦντες
1099 540 1216 620 νόμους
1230 538 1344 621 έχουσι

247 634 287 702 τοὶ
308 633 426 722 πάτρια
446 635 525 723 ἔθη,
546 638 592 723 μὴ
610 624 773 723 πορνειίειν
803 636 825 721 ἢ
846 643 988 704 κλέπτειν
1007 635 1030 723 ἢ
1052 642 1210 723 λοιδορεῖν
1231 633 1254 723 ἢ
1279 661 1343 724 φο.

248 731 361 804 νεύειν.
405 734 498 817 νόμος
522 736 557 800 δὲ
589 733 678 816 παρῶ
701 736 953 821 Βακτριανοῖςῆ
975 740 1009 800 ἐκ
1031 734 1191 820 προγόνων
1211 738 1345 801 παιδεία

250 836 305 898 καί
324 835 480 915 εὐσέβεια,
501 833 546 917 μίγ
559 843 758 920 κρεωφαγεῖν
774 829 795 918 ἢ
809 837 978 899 οἰνοποτεῖν
998 830 1020 919 ἢ
1040 834 1203 918 λαγνεύειν
1218 830 1240 919 ἢ
1261 836 1375 900 παν-5

248 941 320 998 τοῖα
340 933 421 997 κακοὶ
453 935 720 1017 διαπράττεσθαι,
752 937 856 998 καίτοι
875 957 911 1018 γε
933 936 995 998 τῶν
1018 939 1256 1020 παρακειμένων
1280 936 1344 997 τιν’·

247 1040 311 1108 τοῖς
331 1034 435 1098 Ἰνδῶν
455 1035 606 1097 τιίναντία
628 1026 909 1115 διαπραττομένων
929 1029 1043 1110 ἀδεῶς.
1088 1038 1124 1100 έν
1146 1038 1181 1100 δὲ
1205 1042 1271 1111 τοῖς
1293 1035 1346 1098 έν-

249 1135 386 1217 δοιέροις
403 1134 515 1217 μέρεσι
535 1129 655 1197 τούτων
668 1131 922 1219 οἰνδρωποφοίγοι
944 1133 1009 1198 εἰσί
1028 1133 1083 1198 καί
1102 1132 1177 1209 τούς
1196 1137 1347 1212 έπίξενω·

169 1272 170 1276 =
248 1235 364 1312 μένους
383 1233 585 1315 α’ναιροῦντες
608 1231 762 1297 ἐσθίουσι.
806 1232 900 1313 νόμος
916 1236 1095 1309 Χαλδαίοις
1116 1233 1171 1298 καί
1183 1238 1347 1317 Βαβυλω-

249 1336 327 1407 νίοις
346 1324 511 1413 ἀσελγείας
533 1330 588 1395 καί
607 1333 836 1415 αἰσχρουργίας
850 1330 1036 1414 α’νοίμεστος.
1079 1327 1175 1408 citior
1197 1336 1234 1397 δέ
1252 1330 1345 1416 παρὰ
1362 1352 1398 1396 ro

251 1435 412 1515 Πηλαίοις
429 1428 535 1512 νόμος,
555 1439 706 1513 γυναῖκας
724 1440 874 1515 γεωργεῖν
894 1431 949 1496 καί
962 1434 1139 1514 οἰκοδομεῖν
1158 1429 1259 1497 aniani
1283 1434 1350 1496 τῶν

252 1525 378 1616 ιίνδρῶν
397 1529 557 1615 πράττειν,
578 1528 659 1595 diat
682 1531 738 1595 καί
756 1529 923 1615 πορνεῶειν
948 1531 993 1608 ῶς
1014 1535 1198 1612 βούλονται,
1215 1529 1258 1615 μή
1285 1555 1351 1594 κω-

252 1626 404 1711 λυόμενοι
436 1629 497 1693 ὑπὸ
519 1634 582 1694 τῶν
612 1629 739 1713 ἀνδρῶν
759 1632 862 1696 αἰτῶν
883 1637 1061 1707 παντελῶς·
1111 1636 1146 1697 έν
1168 1625 1219 1705 αἷς
1239 1626 1350 1713 daolo-

251 1753 348 1813 χουσι
369 1731 424 1794 καί
443 1735 587 1795 πλείσταν
615 1733 867 1812 πολεμικῶταται
898 1730 955 1796 καί
974 1735 1124 1817 διγρῶσαι
1144 1729 1184 1795 τὰ
1207 1725 1252 1813 μή
1276 1733 1351 1795 λίαν

253 1825 449 1913 ἰσχυρότατα
465 1830 529 1894 τῶν
551 1828 683 1914 θηρίων.
726 1833 760 1896 ἐν
781 1831 958 1920 Βρεταννίρι
988 1833 1025 1896 δέ
1048 1836 1189 1895 πλεῖστοι
1207 1833 1272 1894 τῶν
1292 1830 1402 1898 cia-15

253 1931 339 2013 δρῶν
364 1931 424 2015 μιρῖ
453 1927 711 2011 συγκαθεύδουσι
737 1930 880 2012 γυναικί,
910 1932 967 1995 καί
990 1932 1105 1994 πολλαί
1131 1937 1281 2012 γυναῖκες
1301 1925 1354 1993 tat

252 2023 464 2113 ἓταιριζονται
493 2028 595 2111 α’νδρί.
648 2027 682 2093 ai
714 2032 895 2110 Ἀμαζῶναι
923 2035 982 2111 μέν
1000 2052 1074 2093 ποτε
1106 2032 1206 2116 καιρῷ
1226 2019 1352 2110 ἄνδρας

253 2123 311 2191 οἰκ
333 2126 469 2211 εἰχασιν,
493 2128 563 2192 ἀλλ’
582 2126 626 2204 ῶς
645 2127 687 2193 τοὶ
709 2121 809 2212 ἄλογα
822 2130 898 2207 -ζῶα
914 2124 1000 2208 ἅπαξ
1023 2132 1082 2192 τοῦ
1103 2129 1253 2193 ἐνιαυτοῦ
1275 2129 1354 2210 περὶ

251 2227 308 2309 τὴν
332 2225 463 2312 ἰαρινὴν
494 2228 662 2313 ἰσημερίαν
694 2222 861 2313 δπερόριει
888 2230 1037 2311 γίνονται,
1072 2228 1127 2290 καί
1156 2225 1353 2309 μιγνύμεναι

251 2335 316 2402 τοῖς
334 2333 510 2411 γειτνιῶσιν
524 2325 679 2412 α’νδροίσιν
700 2326 745 2402 ῶς
763 2324 940 2411 πανήγυρίν
949 2351 1020 2391 τινα
1041 2325 1096 2390 καί
1114 2328 1255 2408 μεγάλην
1275 2320 1399 2408 ἔαρ-νο

252 2425 308 2511 τὴν
327 2430 372 2516 τῷ
397 2431 498 2516 καιρῷ
526 2429 635 2515 έκείνιρ
667 2427 840 2512 ἡγοῦνται·
886 2428 920 2505 ἐξ
939 2418 984 2491 ῶν
1006 2427 1062 2490 καί
1080 2429 1115 2492 ἐν
1134 2425 1252 2508 γαστρί
1270 2429 1351 2489 συλ-

323 2611 349 2646 a.
372 2595 491 2666 οδρεςΡ
545 2595 592 2661 τῆς
616 2595 697 2647 omP
752 2599 777 2664 4.
797 2587 878 2665 nauci
898 2593 979 2646 omP
1035 2589 1351 2662 συνεπαιτιῶνται

323 2687 350 2735 q.
368 2668 578 2738 γαλδιιίιονκαὶ
596 2667 815 2736 βαβυλωνίωνΡ
891 2682 929 2718 rr.
949 2665 1099 2730 πιγλίοιςΡ
1155 2667 1193 2730 td.
1211 2659 1250 2735 μὴ
1271 2663 1353 2714 omP

328 2756 367 2808 ιγ.
387 2736 562 2808 ἀμαζόνεςΡ
654 2742 693 2793 18.
714 2737 829 2806 εἰχονΡ
918 2728 952 2788 τὰ
971 2736 1051 2787 omP
1126 2752 1164 2805 ¹9.
1184 2733 1353 2805 ἐγίνονιοΡ

326 2825 368 2861 nr.
390 2807 528 2879 ἡγοῦνται
544 2801 595 2864 τὸν
614 2802 715 2881 καιρόν
732 2809 878 2865 ἐκεῖνονιΡ

256 2989 300 3024 rae
326 2979 357 3023 et
381 2972 455 3040 genti
478 2979 526 3022 ant
546 2972 645 3040 scripta
672 2971 718 3023 lex
745 2980 798 3034 est,
826 2978 873 3023 aar
894 2987 950 3022 non
970 2971 1070 3040 scripta
1093 2975 1121 3018 et
1145 2981 1219 3017 more
1245 2965 1352 3017 consti-

254 3053 321 3096 tuta.
349 3042 394 3093 lex
418 3043 489 3094 enirn
519 3059 578 3094 esse
595 3042 724 3095 videntur
770 3043 838 3093 atria
864 3043 1004 3103 instituta,
1032 3035 1262 3109 quemadmodum
1291 3037 1354 3105 pri-

255 3133 336 3177 mum,
378 3115 406 3164 ui
431 3115 460 3165 in
480 3121 603 3174 extremo
627 3113 693 3166 orbe
713 3061 854 3176 habitant,
875 3113 953 3165 Seres
974 3111 1064 3180 legum
1082 3110 1143 3160 ioco
1162 3108 1249 3178 putria
1268 3106 1355 3159 insti·

255 3196 313 3237 tuta
333 3130 444 3247 hibent,
460 3201 495 3236 ne
512 3183 698 3247 moechentur,
717 3193 765 3237 urit
782 3184 915 3244 furentur,
927 3183 1192 3241 autcalurnnientur,
1211 3185 1258 3228 aut
1276 3179 1357 3228 occi·

257 3257 331 3309 dant.
352 3258 397 3307 len
414 3264 454 3307 est
474 3256 547 3324 apud
566 3257 721 3308 Bactrianos
742 3274 757 3307 a
775 3255 923 3306 maioribus
942 3263 1059 3322 accepta*
1074 3250 1219 3319 disciplina
1239 3255 1267 3298 ot
1288 3250 1355 3318 pie-

257 3335 306 3390 tas,
323 3343 359 3377 ne
378 3326 504 3379 carnibus
532 3335 677 3378 vescantur
699 3335 748 3379 aut
770 3325 869 3378 bibant
885 3326 987 3386 vinum,
1017 3340 1085 3375 neue
1106 3321 1216 3373 libidini
1235 3319 1280 3369 vel
1304 3320 1355 3370 ulli

257 3399 349 3466 generi
368 3399 506 3466 pravitatis
532 3398 620 3448 locum
647 3399 815 3468 relinquant,
843 3414 927 3466 quum
953 3395 1060 3446 finitimi
1080 3393 1136 3444 illis
1156 3391 1218 3442 Indi
1239 3390 1356 3459 impune

258 3471 391 3521 contraria
408 3477 502 3536 agant:
535 3485 649 3539 quorum
670 3471 717 3539 qni
736 3470 765 3520 in
783 3468 938 3536 regionibns
954 3463 1130 3518 interioribus
1148 3460 1284 3521 hubitant,
1304 3476 1358 3512 an·

258 3538 441 3608 thropopbagi
470 3547 534 3591 sunt
560 3548 587 3590 et
609 3540 726 3593 advenas
751 3537 879 3591 occidunt
904 3536 1113 3604 comedantque.
1159 3529 1306 3584 Chaldaeis
1326 3538 1358 3582 et

258 3610 415 3676 Babyloniis
444 3610 490 3661 lex
518 3611 644 3662 lasciuiae
666 3621 694 3664 et
720 3608 898 3663 turbltudinis
916 3609 1007 3677 plena.
1042 3606 1115 3675 apud
1133 3604 1244 3656 Pelaeos
1261 3611 1358 3654 autern

258 3683 304 3733 lex
325 3690 384 3743 est,
413 3687 445 3732 ut
462 3681 589 3732 mulieres
609 3698 686 3749 agros
704 3681 796 3734 colant
817 3688 845 3732 et
863 3679 956 3731 domos
974 3676 1120 3728 aedificent
1139 3675 1295 3741 ceterisque
1313 3673 1358 3724 ri-

259 3771 349 3805 rorum
367 3752 496 3822 operibor
516 3752 671 3819 fungantur,
689 3763 798 3805 atvero
818 3753 899 3803 etiam
918 3748 1103 3808 moechentur,
1144 3753 1256 3795 uantum
1276 3741 1360 3805 libet,

259 3841 274 3875 a
295 3825 357 3875 viria
396 3824 458 3874 lane
469 3839 525 3874 non
545 3823 707 3892 impeditae:
726 3824 755 3874 in
776 3822 876 3892 quibus
894 3820 962 3872 adeo
982 3820 1114 3889 plurimae
1124 3764 1362 3867 (bellicosissimae

260 3903 324 3947 runt
332 3912 363 3946 ac
372 3842 472 3946 bestias
483 3910 539 3947 non
552 3895 634 3964 plane
645 3893 822 3946 ualidissimas
835 3901 974 3945 venantur.
986 3893 1014 3941 in
1023 3888 1160 3941 Britannia
1171 3894 1260 3937 autem
1273 3885 1365 3955 pleri-

263 3983 318 4035 que
329 3968 380 4018 viri
391 3967 441 4018 uni
454 3965 636 4018 concumbunt
647 3966 764 4027 mulieri,
776 3973 803 4016 et
817 3964 917 4016 inultae
930 3962 1056 4013 mulieres
1070 3961 1117 4010 uni
1130 3959 1198 4010 viro.
1211 3958 1365 4008 matrones

262 4038 326 4088 olim
343 4040 445 4089 maritis
464 4035 590 4088 carebant
615 4055 645 4088 ac
663 4037 811 4090 beatiorum
830 4037 915 4087 instar
932 4033 1016 4086 semel
1034 4030 1191 4100 quotannis,
1210 4029 1282 4079 circa
1300 4044 1366 4079 ver·

263 4123 327 4157 num
346 4110 559 4178 aequinoctium,
578 4108 705 4160 elinibus
724 4123 846 4177 egressae
866 4115 894 4156 et
914 4102 1125 4156 concumbentes
1140 4117 1201 4151 cum
1217 4100 1285 4151 uiris
1299 4099 1367 4150 fini·

264 4178 344 4242 tinnis,
361 4182 438 4248 qnasi
458 4182 556 4233 festum
576 4180 712 4251 quendam
732 4185 896 4235 conventum
916 4172 1104 4228 celebrabant:
1124 4170 1199 4223 unde
1221 4170 1367 4241 concepus
