2760 5092
443 557 517 617 tm.
536 557 590 618 tv,
621 554 711 619 em.
732 559 770 618 v.
1089 529 1176 640 359

86 703 169 787 μετά
191 709 254 772 τῶν
269 704 432 791 Ἕβραάον.
480 702 551 769 mol
572 707 649 788 γοῦν
679 708 735 768 καί
754 704 815 767 αἀὀ
836 697 950 770 τούτου
971 703 1180 792 ἀναφαίνεται

88 803 139 871 ὅτε
162 797 234 870 οὔτε
262 806 298 871 s’r
330 809 371 894 τῇ
403 807 527 891 παλαιᾷ
550 806 715 891 Μωσαϊκῇ
743 805 843 894 βίβλτγ
878 800 1039 889 εάρίσκετο
1065 803 1102 870 τὸ
1122 810 1181 869 τοῦ

87 906 245 986 Moscius-9
265 901 363 986 ὄνομα
381 900 457 969 οὔτε
479 907 514 970 ἐν
534 907 580 993 τῷ
601 904 783 994 ετίαγγελίρν.

171 1009 244 1072 Κατ’
262 1010 365 1070 ταῦτα
377 1007 437 1086 μὲν
448 998 559 1086 οὕτως,
581 1007 633 1068 ἵνα
654 1006 710 1068 καί
720 1002 888 1093 τὸνπάντῃ
910 1004 1079 1089 οἷγνάμονα
1099 1000 1180 1088 α’γά.

58 1104 194 1191 ὄγωμεν
215 1109 261 1182 εἰς
281 1104 339 1190 τήν
358 1107 413 1189 τῆς
437 1098 590 1186 ἀληθείας
610 1107 735 1188 γνῶσιν.

173 1207 203 1269 5.
243 1201 377 1287 Ἀσεβῆς
392 1205 438 1279 είς
449 1202 550 1285 βάθος
571 1207 676 1268 κακῶν
691 1201 838 1284 ἐμπεσών
859 1211 1063 1289 καταφρονεῖ,
1084 1204 1182 1290 φησίν

88 1303 308 1386 ὁθανμάσεσς
329 1302 491 1385 Σολομεάν·
540 1306 596 1368 καί
625 1307 674 1379 τίς
695 1306 899 1388 ἀσεβέστερος
930 1306 989 1369 τοῦ
1009 1301 1181 1385 Μαοάμεθς

86 1414 180 1469 ποῖον
200 1406 236 1469 δὲ
255 1405 359 1486 βάθος
379 1405 491 1486 κακῶν,
511 1406 632 1484 μᾶλλον
654 1406 690 1469 δὲ
712 1404 835 1484 σκότος,
857 1406 900 1479 εἰς
922 1401 941 1467 ri
960 1405 1016 1468 σάκ
1037 1405 1183 1467 ἐνέπεσεν

88 1500 104 1569 ὅ
127 1504 279 1589 δύστηνος
300 1496 408 1583 οὗτοςς
431 1505 488 1568 καί
513 1500 574 1586 γάρ
595 1501 676 1583 μετά
698 1507 761 1568 τῶν
792 1496 898 1567 ἄλλων
919 1502 1112 1583 πλασμάτων
1129 1505 1185 1567 καί

39 1621 78 1663 το
89 1603 228 1687 τεράτων
240 1604 369 1684 ψευδῶν
385 1599 543 1668 ἐπλάσατο
557 1606 613 1667 καί
623 1600 680 1686 τὴν
694 1606 860 1686 παροῦσαν
875 1598 1017 1683 άθεσμον
1031 1603 1183 1688 θεωρίαν,

87 1701 227 1787 ἔχουσαν
247 1705 301 1767 ἐστ’
319 1706 431 1781 λὲξεως
445 1697 556 1781 οὕτως,
578 1704 612 1766 ἐν
632 1704 681 1790 τῷ
693 1708 857 1791 κεφαλαίῳ
873 1705 936 1766 τῶν
957 1701 1036 1766 vinis
1045 1699 1182 1786 Ἰσραήλ.

83 1798 191 1878 “alenc
205 1805 248 1892 τῷ
260 1798 427 1887 ποιήσαντο
443 1805 581 1867 διελθεῖν
595 1798 647 1866 τάν
661 1805 773 1865 δοῦλον
787 1799 888 1866 αὐτοῦ
900 1804 934 1867 ἐν
946 1807 1004 1891 μιᾷ
1016 1802 1105 1867 νυκτί
1118 1801 1180 1865 sini

85 1906 146 1966 τοῦ
173 1896 342 1986 εὖκενγρίου
371 1904 429 1965 τοῦ
447 1900 587 1984 Ἐλαράμ
598 1951 608 1984 ,
632 1894 650 1962 ὅ
673 1899 758 1966 ἐστιν
772 1896 985 1984 οίκοςΜεκκά,
1007 1907 1103 1986 μέχρι
1125 1906 1184 1964 τοῦ

86 2000 294 2086 πορρωτάτοο
319 1995 502 2085 ε’άκτηρίοο,
530 1996 655 2065 άέστεν
679 1996 761 2078 οἶκος
790 1997 877 2084 άγτος
892 1999 1118 2087 Ἰερουσαλήμ,
1144 2000 1184 2085 ἢν
1216 1999 1224 2008 ’

38 2099 310 2185 ι5εάλογάσαμεν.
359 2099 583 2185 ὅΜαχοάμετ
614 2104 649 2166 ἐν
681 2104 743 2190 μιᾷ
775 2105 840 2166 τῶν
867 2098 1014 2186 ἡμερῶν,
1043 2099 1124 2182 μετά
1145 2099 1181 2166 τά

85 2204 192 2283 ψᾶλαι
213 2197 312 2266 αάτάν
331 2200 387 2284 τήν
410 2194 499 2286 sinas
513 2199 624 2279 usitari,
649 2195 736 2266 εἶπεν
757 2210 821 2276 τοῖς
842 2203 1024 2282 ἀνθρώποις
1043 2194 1071 2267 oi
1091 2200 1184 2282 άμεῖς

85 2297 265 2382 ἄνθρωποι,
285 2299 507 2385 κατανοήσατε.
557 2304 640 2384 χθὲς
660 2299 741 2382 μετά
761 2300 796 2366 τά
821 2304 996 2386 άταστῆναί
1011 2327 1051 2383 με
1073 2302 1181 2381 ὑμῶν,

83 2394 165 2485 ἦλθε
186 2397 265 2486 πρός
284 2423 325 2481 με
347 2398 365 2464 ά
386 2403 417 2466 Γ
416 2398 531 2484 αβρεὴλ
551 2401 634 2481 μετά
662 2400 721 2485 τὴν
752 2403 889 2486 ἐσχάτην
910 2397 1078 2485 ἑσπερλνῆν
1096 2405 1184 2482 ψαλ-

83 2501 217 2590 prosilias,
239 2498 294 2564 καί
311 2495 379 2566 εἶπέ
399 2523 455 2581 μοι
472 2494 512 2564 ‘ai
526 2500 690 2582 Μωάμεθ,
712 2502 892 2565 ἑντὲλλεταί
901 2524 952 2565 σοι
975 2499 992 2563 ri
1013 2496 1088 2577 θεάς
1109 2501 1179 2564 sus.

33 2625 76 2667 ao
85 2603 271 2680 σκέψασθαι
304 2593 419 2666 αάτάν.’
462 2592 596 2689 aprinos
620 2597 688 2664 ‘soi
712 2603 777 2662 ποῦ
803 2598 903 2664 αάτὸν
931 2598 1182 2680 ἐπεσκέψομαε,·’

84 2696 142 2762 καί
162 2692 247 2762 εἶπεν
266 2696 282 2762 ὅ
298 2697 444 2783 Γαβριὴλ
460 2700 514 2764 ιἐν
535 2703 580 2787 τῷ
600 2695 683 2789 τάπερ
706 2695 786 2764 ὅπου
809 2700 902 2763 ἐστί’
941 2700 997 2762 καί
1016 2692 1113 2781 ἤγαγέ
1122 2719 1180 2781 μοι

82 2800 204 2882 κτῆνος,
225 2801 335 2882 μεῖζον
354 2802 414 2881 μὲν
433 2792 509 2866 ὄνου
531 2796 658 2866 ἔλαττον
686 2801 722 2865 δὲ
743 2795 895 2884 ἧμιόνοο·
941 2796 998 2863 καί
1019 2797 1055 2862 τά
1079 2790 1179 2880 ὄνομα

155 3002 182 3053 6.
202 2998 228 3071 5]
247 2991 319 3055 κατά
336 3000 387 3057 τοῦ
404 3002 540 3074 Μωάμεθ
553 3001 637 3073 λόγος
656 3001 757 3074 leopos.
775 3002 824 3056 MP
904 3019 943 3055 ts.
962 3003 1020 3057 τάν
1036 3000 1108 3061 alais
1124 3000 1178 3054 add

154 3071 263 3122 Alteros
374 3070 911 3148 ι3.τοῠἘλαράμ-εάκτηρίσυαάά
934 3074 1043 3127 Alteros
1136 3079 1176 3143 ιλ.

150 3138 263 3212 Ἰσραὴλ
285 3137 356 3198 tre
416 3159 419 3165 ·

83 3310 145 3374 hus,
164 3311 241 3363 velut
266 3323 315 3364 usu
334 3312 456 3365 ciborum
479 3320 508 3365 et
524 3315 656 3366 institutis
675 3315 755 3380 aliis,
782 3332 842 3367 casm
863 3314 1043 3367 Musnlmanis
1062 3330 1175 3367 concor-

83 3382 160 3434 dant.
196 3384 333 3436 enimvero
358 3382 435 3436 vides
460 3386 623 3448 manilesto,
650 3402 701 3438 nse
718 3386 746 3438 in
763 3396 869 3440 vetusto
896 3386 968 3438 libro
986 3385 1102 3454 Moysis,
1124 3403 1176 3438 nso

81 3454 114 3506 in
133 3455 274 3523 evangelio
293 3471 391 3507 nornen
406 3452 570 3507 lllohametis
586 3454 677 3507 luisse.

156 3527 245 3595 Atque
263 3524 330 3578 haec
349 3525 460 3596 quidem
478 3535 622 3596 propterea
645 3527 850 3596 disputavimus,
874 3536 907 3580 nt
925 3527 1005 3579 etiam
1023 3525 1105 3596 plane
1123 3527 1177 3579 im·

80 3594 185 3667 peritos
204 3595 239 3646 ad
255 3613 348 3648 verum
366 3596 579 3665 cognoscendum
598 3596 815 3666 perduceremus.

153 3667 179 3717 5.
216 3667 352 3720 Scelestus
371 3669 400 3718 in
420 3675 539 3719 extrema
561 3669 632 3719 mala
659 3666 795 3721 delabitur
821 3683 910 3736 aequo
937 3669 1036 3731 animo,
1061 3667 1175 3720 eximius

80 3736 194 3790 Solomo
215 3739 289 3790 dicit.
325 3739 386 3809 quis
405 3746 493 3790 autern
511 3738 666 3791 Mohamets
682 3742 767 3807 magis
786 3739 934 3792 scelestus?
970 3749 1083 3810 etquae
1102 3740 1174 3791 mala

80 3809 139 3859 sive
158 3809 250 3878 potius
262 3808 393 3860 malorum
411 3809 552 3871 tenebrae,
569 3811 597 3860 in
617 3826 683 3880 quas
702 3829 758 3862 non
769 3811 896 3879 delapsus
914 3813 951 3863 sit
968 3829 1084 3881 nequam
1104 3810 1176 3863 iste?

79 3895 145 3930 nam
163 3897 223 3931 cum
246 3881 359 3948 reliquis
386 3882 544 3933 commentis
567 3879 757 3933 etmendaciis
784 3884 949 3952 portentosis
967 3884 1046 3935 etiam
1066 3898 1175 3952 perver-

79 3967 138 4001 sam
159 3949 228 4001 hanc
248 3951 353 4003 itineris
372 3950 507 4013 fabulam,
531 3950 566 4002 ad
585 3950 696 4003 verbum
715 3955 882 4017 translatam,
901 3954 1037 4023 incapite
1056 3953 1174 4004 filiorum

78 4021 188 4073 Israelis
207 4022 334 4073 narravit.
372 4020 454 4074 “laus
475 4031 533 4074 esto
552 4021 673 4087 domino,
701 4025 749 4095 qni
768 4042 872 4075 servum
889 4042 966 4076 suum
986 4041 1039 4074 nna
1059 4033 1173 4073 noctes

77 4092 181 4160 saeello
200 4092 327 4155 Elarsmi,
342 4108 412 4163 quae
431 4102 472 4146 ost
491 4093 572 4145 aedes
591 4094 718 4157 Meccae,
735 4094 771 4146 ad
789 4096 944 4164 longissime
964 4094 1068 4145 distans
1085 4092 1172 4144 sacel-

77 4163 137 4214 lum
156 4163 248 4228 duxit,
264 4180 336 4234 quas
353 4174 444 4216 sancta
466 4163 547 4216 aedes
565 4166 812 4231 Hierosolymorum
832 4175 880 4217 ost
916 4164 1083 4217 Mohametes
1102 4181 1173 4233 quo·

78 4231 142 4285 <lam
163 4234 228 4297 dis,
246 4242 388 4304 postquam
415 4235 508 4311 psallit
537 4234 632 4287 horam
652 4254 745 4300 snam,
770 4236 892 4289 homines
911 4236 950 4287 ita
966 4235 1100 4286 allocutus
1123 4243 1172 4287 est.

78 4302 183 4369 audite,
200 4305 332 4357 homines.
359 4304 418 4355 heri
435 4322 520 4373 quum
541 4323 557 4356 a
580 4307 658 4359 robis
676 4306 873 4369 discessissem,
901 4304 970 4357 adiit
997 4321 1041 4356 me
1058 4304 1172 4359 Gabriel

77 4384 143 4445 post
159 4385 305 4428 extremam
322 4375 508 4446 psalmodiam,
525 4383 555 4428 st
569 4375 773 4441 ‘Mohametesss
791 4377 889 4449 inquil,
904 4374 1000 4427 ‘iubet
1017 4385 1044 4427 te
1063 4375 1130 4429 deus
1141 4394 1171 4431 ss

78 4445 191 4501 videre?
225 4448 268 4499 cui
288 4446 416 4518 respondi
429 4445 554 4499 ‘ubinam
574 4463 636 4501 sum
655 4445 790 4501 vidsbo?'
835 4456 892 4502 tum
911 4446 1024 4499 Gabriel
1039 4444 1089 4500 ‘in
1109 4447 1170 4502 loco
