2760 5092
457 563 534 625 uu.
558 566 612 627 ur.
643 563 821 629 ctu-vu.
1104 544 1188 631 285

59 704 61 707 ’
94 707 205 774 ἕποντο
221 709 257 772 δὲ
277 709 365 795 αιίτηῖ
377 712 432 775 καί
449 707 648 794 ἓτερονόόσεί
660 714 839 798 τριάκοντα,
864 711 919 797 τήν
940 714 1073 800 ἀνδρίαν
1090 720 1190 805 ζηλό-

94 830 217 882 σαντες.
260 804 290 870 οἱ
312 808 347 872 δέ
367 809 628 889 ἐναπομειναντες
650 807 797 896 ήμέτεροι
811 813 846 877 ἐν
866 817 909 902 τῷ
931 818 1028 897 τείχει
1047 819 1189 884 κατεκόν-

94 909 182 986 τιζον
204 904 324 982 αιίτοδς
359 910 415 971 καί
442 913 568 990 βέλεσιν
597 907 731 991 ἔβαλλον
750 913 806 975 καί
830 914 940 988 λίθους
960 915 1189 1001 όπερμεγεθεΐς

94 1003 221 1070 ἐκόλιον
242 1009 310 1070 κατ’
333 1006 454 1073 αὐτῶν·
477 1011 553 1072 δέκα
574 1013 631 1073 καί
655 1009 737 1074 <inrui
759 1011 792 1088 ἐξ
812 1011 917 1077 αὐτῶν
939 1007 1187 1098 όπεκρήμνισαν.

64 1103 113 1180 5ὄ
138 1107 174 1169 δὲ
194 1103 347 1189 Χασόνης
367 1110 406 1169 ου’
426 1105 581 1192 πρότερον
604 1110 718 1192 ἐπέσχε
743 1109 799 1194 τήν
821 1110 924 1195 ὁρμήν
942 1108 964 1196 ή
985 1116 1131 1182 ἀνελθεῖν
1150 1122 1186 1184 ἐν

93 1212 161 1278 τοῖς
180 1209 298 1286 τείχεσι
315 1207 371 1268 καί
381 1209 566 1291 τρέψασθαι
585 1205 661 1284 τοδς
682 1204 860 1292 ἡμετέρους.
886 1213 976 1295 ήνίκα
998 1218 1074 1297 γοῦν
1094 1217 1186 1303 ἐκρά-

91 1326 169 1386 τησε
199 1307 254 1385 τῆς
287 1305 531 1388 ἐπιχειρήσεως,
561 1310 617 1371 καί
649 1307 747 1389 ἕτεροι
777 1309 890 1373 πολλοί
914 1312 1186 1399 ἀκολουθήσαντες

93 1403 267 1485 α’νήρχοντο
288 1406 333 1478 εἰς
355 1402 390 1467 τό
413 1414 526 1486 τεῖχος.
577 1409 634 1471 καί
653 1407 728 1484 τούς
748 1409 976 1490 ἀναβαίνοντας
1000 1413 1058 1476 οδκ
1079 1413 1184 1503 ἔφθα-

94 1525 157 1564 σαν
179 1499 311 1565 κωλύειν
331 1499 361 1566 οἶ
381 1503 528 1586 ήμέτεροι
557 1505 612 1570 δίοὶ
633 1505 691 1590 τήν
712 1505 899 1593 όλιγότητα·,
931 1507 960 1574 οἱ
983 1514 1017 1579 δέ
1039 1520 1184 1597 πολέμιοι

42 1603 215 1685 ,οπλήθος
237 1594 328 1684 ήσαν.
382 1611 449 1678 τοῖς
472 1605 508 1667 δέ
527 1602 665 1687 ἀναβᾶσι
687 1609 918 1685 συμπλέκοντες
937 1607 1106 1695 ἐμάχοντο,
1129 1620 1185 1682 καί

93 1693 135 1782 ήν
162 1702 221 1763 σόκ
253 1698 355 1783 όλίγος
380 1702 488 1766 αότῶν
522 1701 665 1790 ὃφόνος.
705 1707 762 1770 καί
788 1703 806 1769 ό
829 1707 981 1796 Χαοόνης
1001 1713 1183 1796 μαχόμενος

90 1799 325 1882 προσπαισθείς
352 1804 453 1891 πέτρη
485 1801 551 1867 τινί
583 1808 762 1870 κατέπεσεν.
819 1807 1061 1895 ἐπιστραφέντες
1090 1813 1125 1878 δέ
1153 1811 1183 1879 οἱ

89 1899 241 1982 ἡμέτεροι
261 1903 318 1966 καί
339 1899 460 1978 ἰδόντες
480 1899 579 1993 αὐτόν
607 1908 748 1986 κείμενον
768 1907 898 1988 πέτραις
915 1905 1047 1989 ἔβαλλον
1067 1909 1184 1977 πάντα·

90 2005 171 2065 θεν·
213 1998 232 2064 ό
256 2002 291 2065 δὲ
311 2004 356 2076 εἰς
377 2000 453 2083 γόνυ
469 2003 641 2080 διαναστὰς
661 2003 803 2088 ἠμύνετο,
822 2004 885 2070 ὖπό
906 2008 941 2071 δέ
961 2012 1019 2073 τοῦ
1040 2008 1183 2095 πλήθους

43 2100 154 2172 ,ὅτων
179 2096 370 2186 τραυμάτων
390 2106 529 2186 παρείθη
548 2100 608 2187 τήν
636 2101 739 2180 δεξιόν
759 2106 816 2169 καί
834 2108 1023 2193 κατεχώσθη
1044 2118 1108 2188 τοῖς
1126 2113 1182 2194 βέ-

90 2207 173 2265 λεσι.
224 2200 281 2263 καί
311 2199 413 2285 ἕτεροι
447 2204 559 2266 πολλοὶ
589 2202 826 2288 ἀπεκτάνθησαν
854 2207 910 2269 καί
927 2204 1108 2293 ἐπλήγησαν
1127 2216 1183 2277 καί

90 2299 195 2365 ἕνεκεν
222 2303 284 2364 τῶν
317 2298 509 2385 τραυμάτων
543 2301 624 2386 πρός
649 2302 680 2365 τό
712 2301 925 2383 στρατόπεδον
952 2309 1180 2394 ἐκομίσθησαν.
1236 2367 1239 2370 ,

90 2393 159 2464 εἶτα
182 2405 333 2465 τοσοῦτον
365 2399 490 2482 α’ναβάν
516 2399 551 2465 τό
572 2404 691 2484 πλῆθος
711 2404 775 2466 τῶν
795 2404 955 2485 πολεμίων
974 2404 1049 2482 τοός
1068 2403 1182 2490 ήμετέ-

91 2521 168 2580 ρους
192 2501 417 2582 διεσκέδασαν,
448 2500 503 2565 καί
522 2500 653 2586 ἐφέντες
682 2498 756 2576 τοός
775 2497 896 2577 ἔξωθεν
915 2505 1041 2586 τείχους
1061 2503 1182 2574 ἔσωθεν

38 2596 145 2666 unicui
170 2601 227 2681 τής
247 2598 348 2682 πόλης
369 2596 494 2705 έβαηνον
514 2601 748 2675 καταπατοῖντες
767 2592 814 2676 εἷς
834 2603 889 2667 τόν
911 2601 1026 2686 ἕτερον.
1076 2610 1180 2673 ταῦτα

89 2700 127 2764 δέ
148 2692 249 2773 οὕτως
264 2696 376 2780 ἔχοντα
390 2692 447 2763 κἀί
465 2698 555 2785 φωνή
570 2723 619 2776 τις
637 2700 754 2783 ἐρρέθη
770 2696 891 2766 ἔσωθεν
910 2706 967 2769 καί
986 2700 1106 2784 ἔξωθεν
1126 2708 1183 2771 καί

87 2801 126 2863 ἐκ
146 2800 206 2862 τοτ’
224 2797 343 2881 μέρους
361 2802 419 2863 τοῦ
439 2801 562 2879 λιμένος
576 2793 687 2863 “έα’λω
701 2796 736 2862 τό
759 2799 924 2886 φρούριον,
947 2803 1004 2867 καί
1022 2802 1061 2869 τό
1081 2830 1180 2891 στρα-

87 2895 198 2980 τήγεια
218 2900 275 2962 καί
293 2896 333 2962 τό
357 2907 479 2983 σημαία
499 2892 623 2964 όνωθεν
641 2900 675 2964 ἐν
696 2907 760 2975 τοῖς
779 2897 912 2985 πύργοις
936 2898 1107 2989 ἔστησαν.”
1125 2902 1183 2971 καί

87 2995 222 3086 ἧφωνή
242 2997 318 3076 τούς
349 2999 522 3085 ἡμετέρους
549 3001 719 3083 ἐτρέψατο,
752 2997 828 3076 roric
861 3003 897 3067 δὲ
918 3003 1086 3087 πολεμίους
1105 3003 1179 3070 α’νε-

60 3191 64 3197 ·
163 3170 202 3238 ιή.
224 3169 348 3256 ἐρεείνετο
368 3169 627 3257 Μηέσημαίνετολ)
741 3169 780 3221 ι6.
801 3170 993 3244 λανίγησανΡ
1099 3172 1176 3244 'isti

161 3241 253 3312 φωνηΙ
273 3259 304 3294 το
323 3255 502 3313 στρατήγημα
521 3241 540 3294 Ρ

85 3388 185 3451 ceruit,
204 3386 312 3439 circiter
327 3386 565 3456 triginta'virtutir
582 3385 693 3436 aemulis
712 3386 900 3454 sequentibur.
922 3386 1006 3438 nostri
1019 3380 1177 3441 manserunt

85 3461 117 3510 in
134 3475 229 3522 muro,
250 3473 351 3527 eosque
380 3457 475 3510 inculir
494 3465 523 3509 et
547 3453 689 3525 grandibus
707 3456 778 3507 anxir
797 3464 961 3527 exceperunt
978 3465 1061 3527 atque
1082 3456 1176 3510 decern

86 3539 118 3581 et
141 3538 202 3581 octo
233 3528 421 3580 deturbarunt
449 3544 541 3579 verum
563 3525 698 3578 Chasaner
726 3543 781 3577 non
807 3528 882 3596 prius
902 3527 1006 3579 remisit
1024 3530 1175 3598 impeturn,

86 3617 187 3670 quam,
208 3616 318 3651 escenso
337 3615 429 3662 muro,
446 3606 548 3651 nostros
573 3596 687 3663 fugaret.
715 3604 860 3666 portquam
887 3598 970 3664 igitur
987 3602 1176 3670 arreo'potitur

86 3679 148 3735 eet,
166 3671 245 3723 etiarn
274 3669 353 3720 multi
372 3670 430 3734 atii,
457 3686 517 3720 eum
536 3668 628 3728 secuti,
654 3668 683 3717 in
702 3684 806 3718 murum
827 3667 987 3731 evadebant,
1002 3685 1070 3738 quoe
1090 3672 1176 3724 nostri

85 3751 200 3811 propter
227 3742 392 3811 paucitatem
415 3739 555 3809 prohibere
585 3754 641 3789 non
658 3745 794 3807 poterunt,
824 3756 906 3808 quum
927 3740 1045 3793 hostiurn
1064 3758 1175 3810 magnus

85 3830 215 3865 numerus
240 3820 320 3863 esset.
341 3811 474 3880 proelium
497 3819 585 3862 tamen
604 3825 664 3859 curn
681 3809 725 3871 iis,
746 3809 792 3878 qui
812 3809 1002 3873 ascenderent,
1031 3815 1175 3866 commire-

85 3892 151 3935 runt
168 3892 197 3935 et
222 3900 278 3934 nou
297 3883 419 3951 exiguam
438 3883 467 3934 in
484 3898 527 3933 σοι
555 3878 702 3931 ediderunt
721 3879 840 3931 caedem.
861 3882 920 3950 ipre
938 3880 1083 3946 Chusaner,
1101 3885 1175 3937 inter

83 3954 262 4024 pugnandum
284 3971 348 4006 saxo
368 3957 493 4016 otientur,
527 3950 662 4003 recubuit.
685 3966 766 4020 quem
786 3967 869 4020 quum
888 3954 1009 4004 converri
1027 3957 1110 4006 nostri
1131 3957 1175 4006 ia-

83 4034 194 4078 centem
211 4023 316 4087 videut,
335 4023 441 4094 inpidee
461 3968 579 4091 unifique
596 4023 625 4072 in
642 4037 703 4072 eum
722 4021 880 4074 conficiunt.
899 4023 948 4075 ilie
970 4024 998 4075 in
1010 4042 1096 4092 genua
1115 4026 1174 4076 eni·

85 4113 150 4158 eur,
170 4095 328 4166 pugnabat,
354 4093 404 4147 red
422 4112 484 4147 mox
499 4093 635 4163 plagarum
655 4091 833 4144 multitudine
860 4093 985 4145 munibus
1003 4095 1126 4164 elanguit
1146 4103 1175 4146 et

83 4168 151 4220 teliu
171 4167 285 4220 obrutus
303 4173 353 4217 eet.
379 4166 458 4218 multi
476 4168 538 4216 itern
557 4164 604 4215 alii
623 4171 672 4215 aut
688 4164 780 4225 occisi,
799 4171 847 4214 aut
862 4164 996 4216 vulnerati
1016 4174 1045 4217 et
1064 4172 1175 4234 propter

82 4239 180 4309 pingue
200 4238 228 4289 in
246 4246 333 4289 cartre
355 4235 482 4304 asportnti
503 4242 575 4287 runt.
600 4233 711 4285 tandem
731 4234 822 4286 horter
841 4235 997 4287 catervatim
1016 4250 1093 4285 muro
1123 4251 1175 4303 po-

81 4311 139 4372 tiri,
157 4317 263 4361 nostroe
281 4307 454 4376 dissiparunt.
470 4306 535 4373 qui,
555 4305 657 4356 relictio
676 4304 857 4357 exterioribus
875 4304 1026 4365 moenibus,
1044 4321 1093 4373 per
1110 4322 1174 4374 por.

81 4389 141 4432 tarn
161 4382 190 4432 in
210 4379 304 4430 urbem
325 4379 500 4447 irrumpente·
522 4375 636 4426 invicem
656 4391 685 4427 se
699 4373 903 4427 concuicabunt.
925 4375 989 4425 huec
1007 4374 1069 4426 dum
1089 4391 1174 4443 agun-

84 4461 149 4514 tur,
180 4451 255 4503 intus
273 4458 301 4503 et
319 4457 394 4501 extre
414 4458 440 4501 et
464 4444 499 4496 nd
517 4455 622 4516 portum
641 4445 772 4497 clamatur
793 4445 888 4515 “captu
916 4453 957 4496 est
976 4462 1032 4506 ιιτιι,
1051 4447 1126 4514 rigna
1145 4457 1173 4500 et
