2746 5084
227 265 317 369 406
544 288 720 355 ououuu
752 289 997 354 uuuuumu

228 438 325 526 ὅρκου
352 437 616 526 ἐπαγγειλάμενος
644 441 755 515 ου’τοῖς
781 440 832 503 ἵνα
853 442 975 523 μηδένα
996 441 1104 508 αότών
1126 442 1325 533 Mutetur?

227 541 399 630 θανατώοῃ
433 537 455 626 ἢ
477 544 708 626 αἰχμαλωτιση.
759 538 853 614 αὐτὸς
875 543 910 604 δὲ
931 538 1006 617 τοός
1024 537 1140 628 όρκους
1163 545 1323 630 ἀθετήσας

226 645 283 706 καί
301 647 341 730 τῇ
358 643 548 729 μνησικακίᾳ
571 641 627 705 καί
647 639 726 728 ἀργῇ
746 636 940 723 κινοόμινος,
961 636 995 706 ἔν
1015 666 1079 707 τινι
1100 646 1197 732 πεδίῳ
1223 649 1324 733 μικρῷ

224 743 365 818 συνάξας
385 737 506 815 αότοός
530 738 649 814 πάντας
676 739 732 802 καί
761 736 938 833 όεομεόόας
956 743 1178 826 παρανάλωμα
1202 748 1322 826 μαχαί-

224 867 284 926 ρας
303 833 364 907 buu
389 842 515 925 γυναιξὶ
544 843 600 904 καί
619 842 713 904 ποιοῖ
740 839 900 922 πεποίηκε.
943 842 1197 927 τοιουτοτρόποις
1218 846 1275 908 καί
1293 848 1343 915 ⁰1⁰5

223 965 298 1007 ποτε
318 942 468 1027 προεστοό
487 942 593 1004 αότών
613 937 643 1002 οἱ
668 937 884 1019 Μπουχάλεοι
908 936 1041 1018 ἔπαθον,
1065 943 1096 1005 εἰ
1107 941 1154 1025 μη
1177 939 1322 1029 ἔφθασεν

223 1040 243 1105 ό
275 1044 518 1124 μπεγλέρμπεης
543 1036 804 1120 Μαχουμοότης·
852 1037 1034 1124 όξεζητησεν
1065 1039 1185 1118 αότούς
1205 1040 1264 1106 ’όιά
1287 1040 1321 1106 τό

221 1138 278 1225 την
297 1148 432 1223 γυναῖκα
449 1140 609 1220 Μανσυὴλ
628 1141 687 1203 τοῦ
703 1139 890 1223 Μπουχάλη
909 1136 1142 1226 δισεξαόελφην
1164 1135 1250 1206 εἶναι
1265 1143 1323 1205 ad·

221 1245 293 1304 τοῦ.
337 1239 371 1304 οἳ
389 1240 445 1302 καί
464 1236 545 1303 κακά
567 1240 793 1303 ἀνταπέόωκαν
813 1240 898 1327 adsui
917 1237 991 1303 ἀντὶ
1009 1239 1136 1304 τούτων.
1159 1239 1240 1315 όοός
1262 1238 1322 1325 γάρ

223 1342 332 1414 ου’τοῖς
351 1334 544 1422 ἀνθρώπους
570 1339 623 1402 ἳνα
646 1337 726 1420 μετά
751 1339 887 1413 ἀνέσεως
913 1341 971 1402 κατ’
990 1334 1204 1414 ἀναπαύσεως
1225 1338 1359 1424 ἀπέρω

220 1463 344 1523 χωνται
363 1435 421 1523 την
443 1436 519 1502 όόόν
539 1438 595 1522 την
615 1442 778 1524 φέρουσαν
799 1441 845 1513 εἰς
864 1436 920 1502 τόν
940 1436 1001 1518 ἔξω
1022 1437 1128 1519 τόπον,
1155 1440 1324 1522 ἀιερχόμε.

227 1562 273 1604 νοτ
295 1536 370 1621 περὶ
387 1536 423 1601 τό
438 1537 600 1602 Ποντικόν
621 1534 767 1620 εὑρόντες
779 1535 951 1618 πλεόσιμον
964 1538 1020 1601 καί
1040 1536 1154 1613 δολίως
1175 1534 1323 1601 ἀποκτεό·

221 1661 331 1712 νανιες
347 1636 423 1712 τοός
438 1633 616 1720 ἀπάγοντας
628 1634 819 1720 ἀνθρώπους
831 1639 890 1702 τοό
903 1641 1123 1722 μπιγλέρμπεϊ
1135 1639 1193 1701 καί
1206 1638 1324 1719 ε’μβάν·

222 1738 272 1812 τες
294 1737 339 1810 εἰς
370 1733 405 1801 τό
429 1735 742 1822 πλεόσιμον-ἐόρυγον
771 1742 816 1812 εἰς
843 1741 1032 1820 Κέρκυραν,
1059 1738 1209 1800 κάκεῖθεν
1229 1734 1323 1800 πόλιν

159 1850 162 1852 ’
222 1839 270 1910 εἰς
289 1834 461 1901 Νεάπολιν.
513 1836 569 1900 καί
600 1831 697 1901 αάτοό
714 1844 775 1917 μὲν
808 1834 1078 1922 ἠλευθερώθησαν
1101 1839 1155 1919 τῆς
1174 1836 1358 1910 όουλειάςιό

223 1931 307 2009 ὅπως
327 1932 459 2018 δήποτε·
524 1931 541 1998 ό
563 1938 599 2001 δὲ
618 1935 772 2020 πενθερός
791 1939 852 2017 μὲν
872 1934 1036 2019 Μανουηλ
1051 1937 1109 2001 τοῦ
1131 1934 1321 2019 Μπουχάλη

223 2037 255 2099 Γ
252 2029 383 2118 εώργιος
411 2032 429 2098 ό
452 2035 684 2116 Παλαιολόγος,
706 2031 968 2120 πρωτεξαόελφός
991 2037 1046 2114 όὲ,
1072 2032 1117 2109 ώς
1137 2030 1322 2117 προεδηλώ·

222 2157 334 2215 σαμεν,
357 2135 415 2218 τῆς
425 2134 544 2219 μητρὸς
563 2138 623 2200 τοό
632 2118 867 2218 μπεγλὲρμπεη,
882 2138 1012 2217 βληθείς
1026 2135 1071 2209 εἰς
1086 2132 1205 2216 σι’όηρα
1220 2127 1321 2216 ἤγετο.

222 2230 317 2310 αότός
337 2233 417 2319 γάρ,
448 2234 491 2311 ώς
523 2240 723 2320 προείπομεν,
748 2232 860 2320 φυγών
875 2235 914 2298 ’ἐκ
933 2238 992 2297 τοό
1014 2235 1220 2316 Λεονταριόυ
1242 2230 1320 2313 μετὰ

220 2332 351 2397 καῖ’τοῦ
370 2338 517 2417 γαμβροῦ
537 2335 637 2399 αὐτοῦ
658 2335 801 2419 ἀπῆλθεν
827 2334 873 2408 εἰς
893 2331 950 2416 τὴν
976 2327 1122 2417 Σπάρτην
1142 2333 1189 2406 εἰς
1211 2334 1355 2395 deute-so

220 2429 320 2515 οόνην
339 2435 397 2496 τοῦ
418 2434 569 2498 δεσπότου
604 2431 664 2518 κόρ
695 2437 901 2518 Δημητρίου,
928 2437 1066 2513 πολέμου
1098 2432 1134 2494 δὲ
1163 2431 1320 2514 γεγονότος

220 2531 297 2613 περὶ
330 2530 386 2616 την
405 2537 585 2615 Βορόονόαν
613 2535 668 2598 καί
686 2532 744 2617 την
768 2532 899 2616 Τρόπαν
930 2536 1033 2608 κακαῖς
1054 2535 1195 2616 τρωθείς
1215 2526 1318 2607 ἑάλω,

223 2628 278 2693 καὶ
297 2629 460 2715 ἀπήγαγον
479 2633 576 2699 αὐτόν
599 2636 728 2715 όὲσμιον
760 2631 841 2718 πρός
868 2633 922 2697 τόν
943 2655 1016 2697 ποτε
1039 2632 1201 2716 αόθόντην
1222 2630 1319 2695 adsui

292 2804 318 2855 6.
336 2797 510 2884 προεστῶτες
529 2799 548 2850 P
632 2820 656 2871 7.
672 2802 882 2874 μπεϊλερμπόης
897 2799 1061 2886 μαχμοότης
1079 2799 1098 2851 Ρ
1195 2800 1236 2852 τό.
1256 2803 1316 2852 Μα-

293 2872 378 2938 νουηλ
389 2877 444 2933 ,τοῦ
461 2871 663 2942 Παλαιολόγου
680 2875 705 2925 Γ
702 2872 823 2944 ιάργιος
839 2874 1012 2942 Μπουχαλης
1030 2872 1049 2923 Ρ

154 3055 157 3061 ’
222 3040 356 3094 ditionem
380 3041 506 3111 occepit,
531 3057 565 3093 ex
593 3049 675 3112 pecto
703 3049 731 3094 et
756 3039 932 3093 iureiurando
961 3039 1111 3110 pollicitus,
1131 3052 1163 3090 se
1181 3040 1314 3091 πεποίητο

221 3130 314 3165 eorum
333 3121 381 3164 out
398 3112 584 3176 turbaturum,
611 3123 659 3166 out
677 3113 837 3176 occisurum,
860 3121 909 3164 out
928 3112 958 3163 iu
976 3110 1116 3162 servitium
1134 3108 1315 3162 abducturum

221 3200 287 3236 esse.
326 3184 391 3247 sed,
418 3185 580 3237 sacramenti
606 3185 747 3237 immemor
773 3191 802 3236 et
825 3181 975 3235 ulciscendi
999 3180 1152 3251 cupiditate
1178 3190 1265 3251 atque
1281 3182 1314 3230 irs

219 3256 358 3319 incitatus,
378 3264 490 3309 cunctos
515 3256 545 3307 iu
571 3272 654 3324 parvo
683 3254 802 3326 quodam
827 3271 921 3325 cumpo
948 3261 1054 3306 coactos
1083 3260 1112 3303 et
1130 3251 1241 3304 vinctos
1260 3266 1313 3304 τππ

220 3325 351 3378 uxoribus
371 3335 400 3379 et
419 3327 512 3379 liberie
531 3327 624 3396 gladio
643 3326 773 3379 trucidari
787 3327 873 3378 iussit.
911 3342 966 3396 quo
980 3323 1114 3394 supplicio
1134 3324 1220 3375 etiam
1239 3337 1313 3393 pree·

219 3396 286 3448 secti
305 3397 339 3448 iis
356 3396 486 3452 Buebslei
513 3399 604 3450 effecti
634 3397 763 3462 fuissent,
780 3398 835 3449 nisi
852 3397 1021 3449 Mabometes
1038 3392 1219 3463 begierbegus
1237 3396 1313 3446 vinu

218 3467 252 3518 iis
270 3469 449 3538 impetrasset,
469 3469 545 3540 quod
563 3469 776 3521 uxosMuuuelis
797 3469 925 3520 Bucbalei
944 3468 1030 3537 ipsius
1048 3483 1124 3518 soror
1145 3465 1261 3518 sobrius
1276 3481 1313 3516 es·

218 3546 268 3590 set.
306 3540 354 3609 qui
371 3539 443 3591 mule
462 3542 560 3608 gratius
580 3540 742 3592 retulerunt.
787 3557 849 3592 nom
877 3555 962 3610 quum
984 3537 1107 3589 homiues
1125 3536 1160 3588 iis
1178 3536 1312 3596 dedisset,

217 3617 249 3661 ut
266 3616 326 3661 tuto
356 3619 384 3663 et
403 3610 470 3662 citra
496 3610 617 3663 laborem
634 3613 712 3663 vioe
738 3611 961 3663 finibus·‹smeree
986 3610 1101 3662 ducente
1117 3609 1312 3676 procederent,

215 3680 360 3732 Pouticusu
378 3681 496 3752 profecti
513 3682 608 3752 ibique
626 3684 770 3752 navigandi
790 3685 958 3735 occasionem
976 3681 1057 3742 nacti,
1075 3678 1173 3731 dolose
1193 3679 1312 3732 homine

215 3767 232 3802 u
248 3752 413 3821 beglerbego
431 3753 485 3804 sibi
503 3752 642 3806 adiunctos
661 3754 865 3817 iuteremerunt,
879 3762 907 3806 et
923 3767 1068 3804 conscenso
1086 3751 1150 3802 novi
1163 3749 1312 3818 corcynu

216 3828 245 3873 et
266 3823 332 3876 iude
355 3841 445 3876 rursus
464 3825 609 3894 Neapolim
629 3825 817 3894 profugerunt.
854 3826 950 3894 itaque
974 3823 1027 3892 ipsi
1050 3820 1164 3890 quidem
1191 3815 1311 3874 servituti

214 3895 341 3946 semotio
360 3896 543 3965 qualicunque
563 3897 738 3966 eripueruut3
755 3895 804 3947 sed
816 3895 952 3947 Meuuelis
972 3891 1100 3945 Bucbslei
1120 3907 1220 3956 socer,
1232 3893 1312 3945 Geor·
1328 3922 1329 3925 =

214 3964 274 4029 gius
292 3967 478 4036 palaeologus,
497 3967 589 4018 matris
607 3965 785 4036 begterbegi,
805 3974 837 4018 ut
854 3974 918 4019 oute
937 3964 1094 4035 significavi,
1114 3963 1203 4015 frater
1221 3977 1311 4017 euuso·

213 4032 327 4100 bunut,
348 4038 420 4090 iet-ro
437 4039 543 4090 vinctus
561 4037 718 4090 ducebatur.
755 4038 778 4089 is
796 4039 885 4102 οπὶιπ,
912 4037 1057 4089 beoutsrio
1079 4034 1233 4103 profugus,
1258 4047 1310 4086 suu

213 4119 314 4171 genero
333 4108 455 4179 Spartam
467 4145 468 4149 ,
482 4108 659 4172 discesserat,
682 4117 714 4160 ut
734 4109 873 4162 Demetrio
897 4108 1029 4178 despotse
1054 4121 1169 4175 operum
1185 4111 1310 4165 navans,

213 4175 261 4228 sed
280 4177 310 4232 iu
327 4178 470 4234 obsidione
482 4180 633 4234 dordoniae
652 4189 680 4233 et
692 4180 806 4251 Trypes,
825 4189 937 4251 eccepto
951 4180 1074 4244 vulnere,
1094 4186 1193 4248 coptus
1213 4186 1243 4232 et
1256 4177 1309 4231 viu·
