2782 5100
237 251 318 352 148
556 276 727 339 omnen
759 276 1001 340 mmmmm

224 421 482 501 ου’θεντόπουλος
508 423 604 509 όκόρ
631 429 750 506 Θωμᾶς
776 425 811 490 τό
835 429 894 490 τοό
915 430 1084 510 πριγκίπου
1107 428 1323 509 Κεντηρίιοιυς

229 527 416 606 πτολίεθρον
443 520 500 607 τη“ν
520 523 761 607 Χαλατρίτζαν,
788 528 845 601 τοῦ
877 528 932 590 κατ’
959 528 1125 605 μετέπειτα
1159 522 1322 606 γεγονότος

227 627 388 710 πενθεροῦ
407 623 528 706 αὐτοῦ,
559 623 753 707 ἐπολιόρκει·
804 622 821 687 ό
857 627 893 688 δὲ
917 626 1071 707 ου’θέντης
1088 647 1152 703 μου
1180 621 1250 703 άμα
1277 625 1322 712 τῷ

227 724 359 810 άδελφηῖ
376 723 487 788 αὐτοῦ,
506 720 678 806 διήρχοντο
701 721 755 787 διά
775 723 932 806 τῆςόδοό
954 726 1010 807 τῆς
1037 724 1083 797 εἰς
1102 720 1241 805 Πάτραν
1261 746 1322 808 pe·

190 845 194 855 ·
228 826 362 907 ροόσης·
405 819 612 897 κατελθόντες
632 816 689 886 οὖν
721 825 890 903 ἐμείναμεν
911 822 995 902 όμοό
1020 821 1140 906 εἰςτην
1161 822 1352 901 Κορσοί-5

226 926 315 1002 τζαν.
334 915 521 996 ’[οιαννίκιος
546 919 689 996 Βαλότας
711 915 768 986 οὖν
790 918 806 983 ό
826 925 885 986 τοῦ
904 925 1071 1006 πριγκύισυ
1091 923 1192 987 ἐκεῖσε
1212 913 1325 1005 άρχων

225 1023 269 1099 ὥς
290 1021 391 1102 ἔμαθε
421 1026 536 1099 τοῦτο,
569 1018 704 1103 αἰτήσας
734 1023 913 1104 α’φιέροισιν
940 1023 993 1084 ἵνα
1020 1021 1222 1105 ἀμφοτέρους
1247 1017 1325 1093 τούς

224 1121 381 1197 ου’θέντας
412 1117 491 1209 ἐλθῃ
522 1123 739 1202 προσκυνῆσαι
768 1119 899 1200 αότοός,
932 1121 988 1184 καί
1016 1117 1119 1183 ἐλθόν
1142 1115 1240 1193 εδθός
1262 1117 1325 1195 τός

223 1224 280 1287 τοῦ
300 1224 488 1304 πτολιέθρου
507 1226 589 1294 κλεῖς
610 1218 753 1300 ἐκβαλιόν
765 1221 881 1284 δέδωκε
896 1221 1014 1293 ταύτας
1029 1222 1072 1304 τῷ
1093 1217 1233 1304 αόθέντῃ
1255 1241 1323 1298 μου

222 1323 268 1407 τῷ
289 1319 432 1407 δεσπότῃ,
459 1316 556 1383 εἰπιόν
575 1315 688 1383 “toiri
703 1321 769 1385 ἐστι
789 1318 973 1403 πτολίεθρον
990 1321 1078 1391 ἰδίως
1090 1322 1150 1380 τοό
1162 1319 1322 1383 ου’θέντου
1337 1348 1373 1388 10

221 1445 284 1503 μου
296 1425 351 1485 καί
363 1418 567 1502 συγγόμβρου
576 1422 632 1501 τῆς
640 1421 805 1500 βασιλείας
816 1417 896 1484 σου”
906 1424 919 1503 (
921 1416 977 1483 καί
982 1418 1043 1501 γάρ
1057 1420 1142 1482 ότοό
1150 1420 1324 1500 πριγκίπου

221 1519 292 1595 υἱός
305 1522 479 1601 προέλαβεν
489 1520 535 1595 εἰς
548 1514 681 1597 νόμιμον
691 1527 825 1600 γυναῖκα
838 1515 895 1601 τήν
905 1516 1048 1602 οἷδελφὴν
1062 1521 1119 1600 τῆς
1132 1520 1325 1601 βασιλίσσης

222 1621 335 1699 κυρίας
358 1617 554 1703 Θεοδάρας),
571 1612 635 1692 “dc
652 1641 707 1698 μοι
727 1620 914 1699 προσέταξεν
932 1618 984 1680 λ’να
1010 1615 1194 1698 παραδιόσοι
1223 1618 1324 1682 τοῦτο

224 1722 262 1803 τῇ
281 1720 426 1802 βασιλεύῃ
447 1718 533 1779 σου.”
575 1715 592 1779 ό
614 1719 649 1782 δὲ
670 1715 855 1801 α’ποκριθείς
877 1711 962 1781 εἶπεν
984 1715 1070 1804 αὕτη]
1085 1712 1209 1792 ι(οότοις
1231 1714 1321 1799 ἔχει,

224 1811 272 1879 ότι
295 1819 464 1898 συγγενοῦς
484 1813 547 1896 μοό
582 1819 670 1881 ἐστιν
690 1814 707 1878 ό
727 1819 869 1891 τοιοῦτος
896 1812 1009 1896 τόπος,
1040 1816 1110 1880 ἄλλ’
1131 1815 1172 1878 ου’
1193 1820 1380 1899 mou-15

222 1919 337 1996 στέρου
360 1917 419 1979 τοῦ
453 1917 596 2000 α’δελφοό
616 1936 691 1995 μου.
747 1912 857 1979 λοιπόν
887 1917 918 1980 εἰ
947 1914 1324 2006 προγενέστερονέποίει

221 2017 336 2094 τοῦτο,
372 2011 389 2076 ό
422 2013 562 2099 α’δελφός
581 2037 644 2093 μου
677 2021 744 2077 κατ’
764 2017 846 2093 ἐμοῦ
878 2015 936 2077 ου’κ
955 2016 1164 2097 ἐνεχειρίζετο
1186 2015 1282 2080 οὐδὲν
1303 2011 1327 2075 δ’

223 2110 283 2194 ἐγώ
305 2107 412 2195 εἶχον,
434 2115 490 2176 καί
509 2110 607 2191 ου’τός
628 2116 683 2176 καί
701 2110 719 2176 ό
749 2115 905 2198 ου’θέντης
924 2136 982 2178 σου
1008 2112 1211 2198 άλλοτρόποος
1234 2108 1325 2195 εἶχον

222 2211 312 2276 αότό.
334 2211 374 2277 τά
397 2217 455 2277 νόν
475 2203 533 2277 οόν
553 2215 584 2277 ελ
606 2208 783 2294 παραλάβω
806 2211 900 2295 αότό,
923 2211 1043 2297 ἀνάγκη
1064 2212 1150 2278 ἐστίν
1172 2214 1223 2277 ἵνα
1248 2216 1324 2276 δια-

222 2312 398 2397 φεροόμεθα
420 2311 500 2394 μετά
520 2316 579 2377 τοῦ
600 2314 744 2397 όδελφοό
764 2336 848 2393 μου,
880 2316 935 2377 καί
956 2310 993 2375 οό
1015 2315 1167 2396 τυγχάνει
1189 2312 1244 2376 διά
1263 2332 1371 2375 reo-2·

222 2414 262 2475 λό
282 2436 334 2492 τι,
370 2416 474 2497 πολλῷ
498 2415 620 2493 μᾶλλον
640 2410 693 2475 διά
715 2414 877 2476 τοσοῦτον.
928 2413 996 2478 ἀλλ’
1017 2405 1137 2475 άπελθε
1157 2412 1192 2475 ἐν
1213 2413 1324 2499 adripi,

222 2510 339 2587 καλιάς
370 2508 508 2575 δύνασαι
542 2511 704 2594 ποιήσον.”
750 2509 794 2583 ὥς
820 2504 878 2576 οὖν
904 2504 1021 2595 ἤκουσε
1045 2513 1167 2589 ταῦτα,
1204 2502 1325 2596 ᾔτησεν

221 2610 274 2675 ἵνα
296 2609 421 2685 α’κάκως
447 2611 575 2697 εἰσέλθῃ
607 2614 640 2674 ἐν
667 2613 711 2696 τῷ
739 2610 842 2673 ου’τοῦ
866 2615 1054 2699 πτολιέθρηι.
1104 2611 1324 2694 προσταχθείς

291 2785 315 2836 5.
335 2785 451 2856 ἔμειναν
468 2784 498 2836 Μ
580 2786 606 2835 6.
624 2784 755 2852 Ἰωάννης
774 2780 826 2840 οὖν
843 2785 987 2847 Βόλοντιις
1007 2787 1026 2838 Ρ
1119 2806 1143 2856 7.
1162 2805 1212 2858 pro
1233 2787 1320 2859 όφιέ·

292 2871 385 2927 ρωσιν
404 2857 492 2906 locum
507 2872 620 2908 vacuum
634 2857 654 2907 P
731 2872 768 2907 m.
790 2859 887 2925 ἐλαβεν
906 2858 925 2907 P
1011 2862 1050 2915 15.
1070 2856 1086 2912 ὁ
1104 2857 1190 2916 τόποι
1209 2850 1323 2920 οὗτοςΡ

293 2944 335 3049 pp.
354 2928 500 3068 &pigero
516 2928 537 2980 P
662 2929 700 2982 ιθ.
722 2919 807 2989 αὐτός
823 2933 874 2981 καὶ
890 2944 933 2980 om
952 2929 971 2981 P
1089 2928 1285 3000 δλλεοτρόπιυς
1302 2932 1322 2985 Ρ

225 3160 348 3212 dominos
374 3159 545 3212 Conterionie
571 3159 720 3229 principis,
748 3161 823 3211 cuius
841 3160 913 3211 idem
932 3170 1028 3230 postea
1047 3178 1130 3229 gener
1148 3161 1236 3214 sactus
1258 3167 1322 3225 eit,

226 3231 386 3301 oppidulum
407 3230 595 3283 Chalatritzam
625 3230 777 3282 obeidebat.
811 3232 935 3283 dominus
954 3233 1037 3299 igitur
1061 3249 1137 3283 meur
1157 3249 1218 3284 cum
1238 3233 1323 3286 fratre

225 3305 329 3355 Petram
349 3303 493 3370 processit,
522 3300 735 3370 divertimueque
757 3319 810 3352 una
834 3318 926 3353 omnes
945 3302 1133 3353 Cemcnitzam.
1161 3304 1258 3375 itaque
1278 3308 1324 3356 lo·

227 3372 369 3422 hunnicius
386 3371 507 3434 Balotas,
536 3373 624 3441 princi
647 3373 669 3422 ir
693 3371 732 3423 ibi
752 3382 931 3442 procurator,
953 3373 1000 3424 ubi
1023 3373 1076 3424 hoc
1094 3372 1206 3436 didicit,
1224 3385 1323 3444 postu-

228 3441 282 3494 lato
303 3441 476 3505 admissione,
501 3443 594 3493 ambos
619 3391 743 3494 dominos
768 3443 908 3494 adoratum
931 3445 1023 3506 venit,
1053 3451 1082 3495 et
1107 3443 1182 3495 illico
1200 3447 1325 3513 prolatas

228 3511 324 3581 oppidi
342 3511 430 3562 claves
448 3512 593 3581 despotne‚
625 3513 735 3565 domino
755 3530 832 3575 meo,
852 3512 894 3565 hie
919 3513 1009 3565 verbis
1028 3513 1152 3565 tradidit:
1169 3514 1324 3586 “oppidum

229 3583 281 3634 hoc
301 3583 439 3652 proprium
463 3592 505 3634 eet
524 3582 633 3634 domino
656 3601 716 3635 meo
738 3586 888 3636 maiestatis
909 3592 973 3636 tuae
1000 3582 1092 3635 allini’'
1112 3586 1224 3654 (etenim
1244 3589 1324 3656 prin-

228 3654 297 3724 cipie
313 3653 386 3704 fitius
407 3668 525 3703 sororem
540 3653 702 3706 Theodoree
720 3655 897 3724 imperatricis
924 3655 1052 3722 legitimis
1072 3656 1175 3725 nuptiis
1193 3656 1245 3707 sibi
1256 3674 1324 3709 con-

229 3725 381 3791 iunxerat),
407 3723 455 3793 qui
481 3723 616 3776 mandavit
635 3724 717 3786 mihi,
739 3735 769 3776 ut
789 3727 922 3778 maiestati
951 3735 1014 3777 tuae
1038 3724 1067 3776 id
1096 3724 1252 3778 dederem.'’
1279 3745 1324 3779 re·

229 3794 348 3864 spondet
358 3794 568 3846 Constantium:
587 3793 649 3845 “ito
676 3812 705 3847 ιο
726 3812 766 3846 res
789 3795 886 3859 habet,
912 3796 986 3847 locus
1007 3797 1058 3847 iste
1082 3796 1168 3867 affinis
1189 3797 1244 3850 mei
1264 3807 1324 3861 eet,

230 3885 285 3917 non
303 3865 392 3916 fratris
410 3863 476 3915 mihi
499 3865 670 3932 cognitioris.
705 3875 824 3918 ceterum
853 3869 875 3918 ei
906 3869 981 3935 prius
1007 3864 1059 3916 hoc
1086 3867 1210 3930 lecisset,
1238 3869 1339 3921 frater

230 3954 306 3987 meus
325 3935 411 3998 nihil,
442 3934 514 4005 quod
535 3952 584 4002 ego
611 3943 747 3998 tenerem,
765 3946 858 3989 contra
886 3954 929 3989 me
950 3947 1110 4006 occuparet,
1129 3946 1212 4006 atque
1229 3940 1336 3992 illeet:

231 4009 356 4076 princeps
378 4015 439 4058 tum
459 4005 627 4056 incommode
644 4006 672 4057 id
691 4007 831 4059 tenebant.
858 4025 931 4059 nunc
949 4015 1038 4057 eutem
1057 4008 1079 4058 si
1100 4009 1231 4077 oppidum
1249 4012 1334 4062 neci·-

232 4078 289 4145 pio,
309 4077 442 4128 interme
462 4077 629 4145 fratremque
646 4094 735 4129 meum
755 4076 897 4131 ditridium
917 4079 1014 4131 exoriri
1034 4095 1144 4129 necesse
1167 4089 1225 4142 eet,
1268 4079 1333 4131 uoci

232 4164 268 4199 ne
289 4164 400 4217 magnae
420 4147 528 4219 quidem
547 4148 701 4214 reiectum,
723 4149 824 4204 nedum
850 4150 974 4204 tantillae
999 4148 1057 4201 fieri
1083 4157 1201 4221 oportet.
1222 4098 1271 4203 sed
1295 4161 1336 4204 ιιι

1329 3366 1380 3384 ὀ
