2782 5100
228 247 310 351 ¹24
533 279 707 347 ououou
744 284 988 349 rnusurmu

221 421 282 509 κδρ
306 420 471 511 Θεόδωρος
500 427 647 510 ἐβούλετο
668 433 815 514 γενέσθαι
834 430 992 517 μοναχός,
1019 434 1112 500 καίδ
1134 434 1194 520 κδρ
1217 441 1316 504 Κων-

219 532 384 600 σταντϊνος
406 528 593 615 έναπομιίνη
615 531 768 614 αάθέντης
788 535 834 607 εἰς
853 534 961 599 πᾶσαν
979 532 1038 617 την
1057 536 1314 621 Πελοπόννησον·

220 617 255 697 ὃς
274 624 505 708 μιταμεληδιίς
524 621 655 712 ὕστερον
675 629 733 692 ου’κ
753 630 875 712 ἐγένετο
896 629 1047 715 μοναχός.
1067 641 1142 715 μεθ’
1161 627 1206 700 ὧν
1226 635 1315 719 κάγώ

221 720 310 809 ἀρχῇ
329 722 374 797 τίς
393 723 452 806 την
472 725 716 810 Πελοπόννησον
734 720 846 811 ἦλθον,
866 731 912 805 εἰς
932 730 1124 816 δουλοσύνην
1147 736 1202 798 τοῦ
1221 740 1317 815 βασι-

222 822 301 895 λέως
320 824 378 885 τοῦ
391 823 548 888 αδθὲντου
558 848 623 903 μου
644 817 697 908 ἀν,
718 831 773 891 καί
793 826 845 892 ἵνα
865 829 1033 911 ἀποβλέπω
1055 830 1109 894 καί
1129 829 1181 896 τὸν
1202 833 1348 900 δεσποί-5

221 941 279 1005 την
302 918 361 1003 strip
383 925 622 988 Κωνσταντῖνον
650 926 691 988 δι’
711 927 817 990 αἰτίαν
837 925 995 1013 τοιαύτην.
1043 926 1095 994 δτι
1116 931 1133 994 o‘
1157 931 1317 1014 μακάριος

221 1016 278 1083 καί
296 1019 440 1102 ἀοίδιμος
453 1020 559 1106 πατὴρ
583 1022 690 1089 αδτῶν
709 1017 815 1108 ἤγγιζε
835 1023 915 1109 πρὸς
933 1024 967 1092 sti
990 1029 1175 1108 ἀποθανεῖν,
1200 1034 1318 1113 προσέ-

221 1119 295 1195 ταξέ
313 1141 355 1201 με
377 1125 432 1185 καί
451 1118 578 1205 ἔγραψα
598 1127 733 1187 τοιαῦτα
752 1124 976 1209 οίκειογείρως,
999 1127 1076 1210 origi
1095 1128 1138 1204 oie
1158 1127 1319 1214 διαθήκην

223 1218 324 1283 ου’τοῦ
337 1244 346 1261 ·
400 1213 438 1283 οδ
461 1218 522 1304 γάρ
555 1222 744 1287 διατιθεῖσιν
770 1221 800 1288 οἱ
820 1230 978 1309 βασιλεῖς,
1001 1224 1080 1291 ἀλλά
1104 1229 1319 1311 προστάττου.

222 1341 283 1382 σιν.
324 1319 359 1383 ἐν
392 1309 598 1404 ᾗπροστάξει
630 1322 889 1406 διωριζετοτάδε
909 1320 990 1408 ἅπερ
1014 1327 1070 1388 καί
1090 1322 1241 1409 ἔγραψα,
1264 1329 1372 1392 ivaro

223 1413 280 1503 ἔχη
301 1417 432 1492 ἕκαστος
453 1421 518 1481 τοῖν
535 1416 615 1483 υἱῶν
636 1421 738 1485 αάτοῦ
768 1419 786 1483 δ
805 1423 864 1500 μὲν
888 1423 959 1487 τόδε
982 1422 999 1484 δ
1020 1425 1056 1488 δὲ
1077 1421 1150 1489 τόδε
1172 1424 1234 1488 ἀπὸ
1255 1429 1321 1491 τοῖν

222 1517 315 1581 ἰδίαν
344 1516 444 1580 utiensi
471 1513 628 1603 λαφύρων
654 1522 711 1584 καί
728 1523 828 1585 λίθων
856 1523 1036 1602 πολυτίμων
1067 1525 1123 1587 καί
1148 1521 1323 1607 ἀξιολόγων

223 1615 326 1697 εἰδῶν,
349 1615 406 1677 καί
424 1612 462 1680 τά
485 1614 579 1681 λοιπά
601 1619 657 1703 τῆς
681 1618 792 1696 οδσίας
814 1619 919 1684 oritoni
939 1613 1037 1706 ἤγουν
1055 1623 1112 1706 τῆς
1133 1618 1195 1687 ἔσω
1216 1630 1323 1686 παλα-

224 1716 309 1792 τέοο,
346 1711 510 1797 ἴμοιτισμοί
542 1715 597 1780 καί
625 1720 842 1801 παρασκευαί,
875 1718 928 1783 ἵνα
955 1724 1094 1808 μερισθῇ
1118 1722 1163 1796 εἰς
1180 1725 1321 1806 τέσσαρα

223 1816 321 1899 μέρη,
358 1817 404 1889 τίς
424 1812 652 1898 ποραστάσιμοι
671 1814 727 1881 καί
745 1818 945 1902 λειτουργίας
960 1815 1042 1903 δπὲρ
1066 1821 1165 1883 ου’του·
1186 1825 1320 1884 ruteni.
1336 1828 1372 1892 15

224 1934 312 1978 κεινα
334 1915 397 1978 τῶν
416 1911 588 1999 συνήθων,
618 1912 643 1978 u‘i
669 1920 846 1992 πολυτελῶς
874 1915 929 1980 καί
951 1922 1055 1995 καλῶς
1076 1915 1255 2003 ἐδόθησαν,
1279 1918 1319 1983 τοὶ

227 2013 264 2075 δὲ
284 2013 376 2095 ἕτερα
405 2015 480 2096 τρία
508 2013 591 2097 μέρη
623 2013 669 2090 εἷς
688 2011 855 2098 πτωχούς,
882 2017 929 2091 εἰς
950 2014 1080 2098 ίατρούς
1108 2019 1162 2080 καί
1183 2016 1228 2089 εἰς
1248 2014 1326 2091 τοδς

226 2111 331 2175 orituri
351 2109 541 2188 κιλλιάτας·
592 2115 754 2195 ἐπίτροποι
783 2116 819 2178 δὲ
843 2108 922 2179 αἷσιν
949 2113 1198 2196 δπνευματικὸς
1219 2117 1325 2179 αδτου·

227 2204 245 2274 δ
268 2211 302 2275 ἐν
329 2214 370 2300 τῇ
388 2214 450 2276 τοῖν
470 2207 708 2283 Ξανθοποάλων
725 2215 808 2301 μονῇ
829 2208 1000 2299 Μακάριος
1031 2213 1051 2276 δ
1077 2217 1111 2293 ἐξ
1134 2208 1322 2298 Ἰουδαίων,

198 2308 247 2375 Βδ
268 2309 457 2387 διδάσκαλος
475 2308 594 2401 Ἰωσήφ
618 2314 653 2378 δν
674 2315 715 2401 τῇ
735 2315 793 2380 τοῦ
814 2312 1033 2401 Χαρσιανίτου
1053 2317 1153 2403 μονῇ,
1172 2311 1229 2377 καί
1249 2313 1371 2399 ἐγαλαο

299 2541 324 2593 3.
339 2535 465 2609 μονοχδς
484 2551 528 2589 om
544 2535 565 2589 P
671 2537 696 2606 4.
715 2534 786 2612 ἀρχῇ
792 2538 802 2612 ]
819 2536 932 2608 πρῶτον
949 2536 968 2588 Ρ
1076 2538 1101 2592 5.
1117 2534 1167 2590 τοῦ
1184 2532 1324 2591 αὕθέντου

296 2627 354 2680 μου
375 2624 418 2658 orn
439 2607 469 2659 Μ
571 2602 712 2680 ἀποβλέπῃ
730 2608 760 2661 Μ
848 2613 874 2663 6.
893 2606 909 2664 δ
927 2625 971 2660 om
987 2607 1037 2659 ΜΡ
1143 2611 1159 2661 8
1184 2623 1223 2678 με
1242 2624 1286 2658 osu
1306 2609 1325 2659 P

298 2680 408 2750 ἔγραψε
424 2678 444 2729 Ρ
530 2697 556 2749 ρ
575 2678 753 2734 διατιθέασιν
772 2678 791 2729 Ρ
893 2697 932 2733 ιο.
949 2675 1023 2749 ἅπερ
1040 2679 1087 2730 καλ
1106 2679 1220 2748 έγριιψα
1240 2693 1285 2729 om
1304 2678 1325 2729 t>

303 2764 340 2799 sn.
357 2747 411 2821 δε]
433 2745 562 2803 ἀλλωνΡ
637 2749 675 2800 1³.
694 2744 725 2803 τὸ
743 2738 844 2804 λοιπὸν
861 2748 890 2800 Μ
971 2753 1010 2818 ¹4·
1027 2750 1222 2820 μιριοθώοιν,
1241 2749 1326 2800 omis-

299 2835 328 2870 so
347 2818 448 2883 iro,P
542 2820 580 2874 ιδ
597 2817 713 2880 ἐντελῶς
731 2818 751 2872 Ρ
838 2820 974 2886 έτέδησαν
993 2819 1023 2871 Μ

230 3019 441 3074 constitueretur
458 3020 598 3092 princeps,
622 3020 752 3092 quoniam
775 3019 934 3072 Theodorus
952 3019 1078 3090 despota,
1096 3018 1207 3070 illorum
1227 3019 1326 3083 irater,

131 3111 134 3118 ¹
229 3091 375 3144 monachus
394 3091 452 3143 fieri
471 3091 574 3154 voluit,
596 3090 672 3162 quod
690 3099 781 3143 temen
799 3091 821 3143 is
844 3090 988 3142 eonsilium
1008 3098 1102 3159 postes
1122 3090 1246 3142 mutarit.
1265 3107 1326 3142 cum

229 3161 272 3215 his
292 3180 340 3232 ego
359 3171 416 3215 tum
438 3162 554 3231 primum
570 3163 600 3214 in
621 3162 836 3232 Peloponnesum
857 3163 936 3225 veni,
959 3179 1028 3213 unus
1058 3178 1072 3212 e
1089 3161 1218 3212 ministris
1238 3164 1327 3231 impe-

231 3235 340 3296 rstoris,
359 3232 462 3285 domini
480 3234 542 3297 mei,
560 3241 589 3285 et
607 3242 638 3286 ut
655 3250 747 3285 curam
766 3232 892 3284 haberem
907 3231 1078 3284 Constantini
1096 3230 1243 3300 despotae,
1261 3249 1328 3300 pro-

229 3311 292 3373 pter
312 3320 418 3355 causam
437 3303 601 3356 huiusmodi.
620 3304 710 3356 iussus
722 3322 737 3356 α
751 3303 832 3355 bento
850 3312 878 3354 et
888 3303 1006 3371 glorioso
1025 3318 1117 3352 eorum
1131 3310 1224 3370 patre,
1243 3302 1327 3353 morti

229 3374 333 3433 ricino,
361 3373 494 3442 haecego
523 3392 603 3426 manu
633 3392 694 3426 men
718 3376 828 3445 scripsi,
855 3390 911 3425 non
939 3382 970 3425 ut
1005 3381 1197 3423 testamentum
1217 3381 1326 3423 tamen:

230 3460 287 3495 nou
310 3444 382 3494 enirn
409 3453 544 3497 testantur
561 3448 754 3514 imperatores,
780 3445 829 3497 sed
847 3443 961 3495 iubent:
984 3442 1051 3494 haec
1069 3444 1167 3511 igitur,
1186 3458 1257 3510 quse
1276 3442 1328 3494 ilie

231 3514 433 3578 constituebat,
453 3531 502 3584 ego
521 3514 555 3565 ab
577 3515 673 3570 eodem
690 3517 779 3567 iussus
797 3515 907 3583 scripsi:
936 3521 966 3567 ut
986 3514 1085 3581 singuli
1106 3512 1165 3564 eius
1182 3513 1233 3563 iiiii
1254 3513 1327 3565 nlius

129 3616 130 3623 ν
232 3584 309 3637 eliud
327 3583 362 3635 de
379 3586 543 3636 ornamentis
571 3587 631 3638 eius
655 3594 683 3638 et
706 3585 816 3655 gemmis
834 3584 969 3654 rebusque
994 3583 1056 3635 eliis
1073 3584 1201 3653 pretiosis
1217 3584 1328 3652 accipe-

232 3664 311 3720 rent,
327 3655 431 3724 reliqua
450 3664 540 3708 autern
559 3654 640 3720 bona,
659 3673 729 3726 quae
742 3654 855 3777 guidem
873 3656 903 3707 irs
921 3655 1025 3724 psintio
1045 3662 1146 3716 esseut,
1164 3655 1328 3705 uestimenta

232 3735 261 3779 et
278 3727 481 3797 apparatus,in
500 3734 618 3796 quatuor
635 3735 727 3795 portes
762 3725 945 3777 isidereutur:
979 3741 1092 3794 quarum
1110 3740 1163 3775 una
1182 3740 1329 3775 consume-

231 3805 307 3850 retur
323 3798 351 3847 in
369 3797 486 3864 liturgiis
507 3804 535 3847 et
554 3796 728 3848 ecelesiarum
746 3796 912 3848 ornamentis
930 3812 1009 3864 supra
1026 3794 1135 3846 solitum
1147 3793 1258 3844 modurn
1279 3795 1329 3846 ad-

230 3868 373 3930 ornandis,
399 3884 469 3937 quue
492 3882 557 3918 osne
582 3884 677 3934 magno
699 3883 758 3918 cum
785 3875 874 3918 sumtu
894 3873 922 3917 et
938 3865 1082 3936 splendore
1101 3866 1226 3917 instituto
1249 3875 1330 3933 sunt,

231 3941 353 4009 reliquae
372 3946 426 3989 tres
443 3937 667 3988 distribuerentur
683 3936 824 4001 mendicis,
842 3938 954 3989 medicis
973 3945 1001 3987 et
1019 3935 1175 3987 domesticis
1192 3938 1261 3988 eius.
1280 3954 1331 3987 eu·

231 4018 333 4061 setores
351 4018 442 4059 eutem
457 4016 548 4060 essent
567 4009 716 4078 spiritualis
734 4016 813 4078 pater
840 4009 898 4060 eius
914 4007 1064 4069 Macarius,
1083 4007 1146 4077 qui,
1165 4022 1198 4056 ex
1217 4006 1330 4060 iudaeis

231 4079 377 4141 oriundus,
403 4080 432 4130 in
454 4078 688 4149 Xanthopuiorum
713 4079 878 4132 monasterio
904 4086 976 4141 erut,
1001 4077 1148 4145 Iosephus,
1167 4079 1330 4130 monasterii

232 4147 434 4203 Chersisnmisis
451 4150 596 4222 magister,
614 4158 697 4222 etque
719 4165 777 4221 ego.
795 4149 862 4203 haec
886 4166 969 4221 quum
993 4164 1082 4202 corum
1103 4149 1162 4218 ipso
1181 4147 1324 4214 Mansuete,
