2782 5100
229 251 306 351 ιλυ
546 269 722 333 cauneis
746 269 991 335 arraauazae

187 506 188 510 η
221 424 300 492 θεὸν
321 417 543 502 είαπόδέκτον,
565 414 611 482 ὅτι
627 425 794 485 κατέλιπον
811 417 839 483 οἱ
859 425 914 504 τῆς
928 422 1049 499 πόλεως
1068 422 1170 504 λέγειν
1191 422 1211 506 ἦ
1233 423 1319 506 ἁγία,

222 526 293 590 ἀλλ’
309 519 343 588 αλ
357 516 457 604 άγιαι·
477 516 533 581 καί
548 517 623 584 adro*
642 519 681 603 δη
696 520 730 584 sd
745 512 846 599 ὄνομα
863 515 949 603 εἶχον
963 524 1008 598 εἰς
1023 521 1083 597 τάς
1098 521 1200 606 άγίας.
1217 522 1273 586 καί
1285 520 1319 586 τά

224 627 283 706 μὲν
306 624 369 687 τῶν
382 620 533 700 μοναχοῖν
553 619 679 683 ἐκείνων
695 619 853 701 γυναικῶν
873 619 976 684 κοινὸν
996 619 1105 704 τὸτῆς
1124 623 1248 706 τροφῆς
1268 623 1326 685 καί

172 727 206 781 3²
226 721 412 802 ἐνδυμάτων
433 716 489 780 καί
499 712 536 780 τὸ
550 716 596 800 μη
611 714 696 799 ἐχειν
709 715 791 782 ἴδιον
803 721 858 781 καί
868 713 901 782 sd
916 714 962 802 μη
976 724 1107 803 ποιῆσαι
1127 717 1160 782 τά
1177 717 1323 804 μικρότε-
1365 762 1367 768 ·

226 844 284 906 ρον
302 813 418 904 ἢπρός
429 814 534 900 κοινὴν
554 811 574 900 ἢ
594 814 674 900 πρὸς
695 816 782 882 ἰδίαν
800 816 914 899 χρείαν
936 818 967 881 εἰ
984 816 1029 902 μη
1053 816 1132 900 μετά
1155 816 1355 903 ουγχωρή-Ξι

224 943 306 995 σεας
335 916 480 1003 ὑπῆρχεν
507 915 638 996 αὐτοῖς,
670 919 726 980 καί
753 914 787 980 τὸ
808 914 1006 1001 άνυπόδητον
1034 917 1089 982 καί
1117 917 1327 1003 ὀλιγάτροψον

224 1020 280 1085 καί
298 1016 405 1102 χαμαί
434 1019 562 1080 κείοθαι
584 1018 639 1078 καί
658 1018 693 1080 ἐν
723 1016 865 1104 εδτελείρι
885 1020 940 1080 καί
962 1010 1060 1082 τάλλα
1085 1012 1146 1082 ὅσα
1167 1020 1231 1083 τοῖν
1251 1015 1326 1100 dos·

222 1124 285 1184 τάν
306 1119 387 1184 εἰσίν
406 1119 441 1181 ἐκ
459 1119 642 1199 μαρτυρίας
653 1117 719 1181 τῶν
740 1119 900 1198 περισσῶν
921 1114 989 1181 ἔστι
1004 1119 1194 1202 διηγεῖσθαι.
1236 1115 1327 1197 ὅμοί-

224 1244 267 1294 ως
291 1220 327 1283 δὲ
353 1215 448 1281 πάλιν
476 1218 531 1279 καί
552 1217 606 1298 τῆς
637 1216 745 1280 ου’τῶν
769 1212 859 1289 ὅσιἀς
890 1220 946 1280 καί
972 1220 1182 1301 πνευματικῆς
1202 1213 1328 1299 μητρὸς

222 1322 281 1402 τῆς
299 1312 425 1382 ἐκείνων
452 1315 635 1397 συνδρομῆς
648 1318 705 1378 καί
725 1316 921 1397 ἐπισκέψεως
939 1317 1001 1379 τῶν
1021 1318 1178 1396 βασιλέων
1198 1320 1254 1380 καί
1274 1318 1328 1379 δε-
1343 1336 1378 1377 ιο

223 1418 362 1482 οποινάν
382 1411 439 1478 καί
468 1412 629 1497 ἀρχόντων
650 1417 707 1478 καί
733 1416 969 1496 α’ρχοντισσών,
998 1412 1032 1478 αἱ
1053 1418 1113 1495 μὲν
1140 1418 1237 1498 χάριν
1259 1417 1330 1493 630-

222 1514 421 1599 μολογηοεως
445 1512 479 1579 αἱ
496 1516 537 1578 ’δὲ
557 1515 656 1596 εὐχῆς
674 1518 728 1580 καί
746 1511 952 1598 ἐπισκέψεως,
973 1518 1022 1591 τίς
1037 1509 1229 1597 άνάκριβάς
1249 1520 1330 1579 ταῦ-

222 1613 261 1681 τά
281 1637 317 1678 τε
339 1618 393 1679 καί
421 1611 477 1696 τήν
498 1614 616 1696 ἐκείνης
647 1612 762 1698 α’ρετην
794 1616 946 1698 δυνηθείη
981 1615 1212 1697 διηγησασθαι;
1234 1618 1269 1678 ἓν
1292 1617 1330 1679 δὲ

222 1712 321 1795 μόνον
352 1712 578 1798 διηγησάμενοι
611 1711 764 1794 δείξωμεν
783 1713 822 1778 τά
840 1710 942 1777 πάντα
969 1712 1086 1798 άληθῆ.
1127 1715 1173 1802 τῷ
1194 1712 1329 1800 ῥηθέντι

222 1812 349 1901 μεγάλῳ
371 1813 542 1900 σαββάτῳ,
564 1805 672 1898 οἵσπερ
693 1837 749 1894 μοι
774 1815 974 1895 συμβέβηκεν
995 1810 1075 1896 άπερ
1098 1812 1328 1896 ε’διηγησάμην,
1343 1814 1377 1877 ι5

222 1915 404 1996 καθημένης
424 1910 506 1992 μετά
527 1910 586 1995 τὴν
604 1916 660 1996 τῆς
681 1916 880 1995 λειτουργίας
901 1909 1028 1994 τελετὴν
1050 1914 1083 1976 ἐν
1105 1914 1146 2000 τῇ
1166 1915 1328 2002 ἐκκλησίᾳ,

222 2011 278 2077 καί
297 2009 357 2075 οὖν
384 2014 468 2098 αὐτῇ
489 2015 589 2077 πᾶσαι
609 2011 644 2076 αλ
663 2017 807 2094 μοναχαί
827 2011 925 2093 αὐτῆς
941 2013 1177 2094 πρυομένυυσαι
1197 2014 1252 2075 ἵνα
1273 2037 1330 2092 μι-

223 2109 298 2194 κράν
319 2135 351 2175 τι
375 2115 431 2175 καί
451 2110 691 2193 ἀπογεύσωνται
712 2112 766 2175 διά
784 2108 842 2195 την
862 2115 920 2174 τοῦ
944 2109 1122 2193 άντιιλάἱρου
1137 2109 1331 2195 μετάληψιν·

223 2204 293 2274 εἶτα
316 2213 362 2288 είς
381 2208 441 2287 τὰς
461 2209 591 2295 πράξεις
611 2213 675 2275 τῶν
699 2209 883 2275 α’ποστόλων
904 2212 1037 2293 τεθῆναι
1058 2209 1116 2293 την
1138 2208 1331 2293 α’νάγνωσιν·

222 2313 306 2393 λέγει
324 2303 381 2375 οὖν
413 2310 432 2395 ἦ
454 2308 527 2374 ὁσία
544 2306 723 2392 “μυνοχαί,
749 2310 940 2395 έγειρεοθε.”
989 2307 1024 2373 αἱ
1051 2312 1086 2374 δὲ
1110 2308 1166 2374 “ss'
1186 2314 1242 2375 σοί
1259 2314 1380 2376 sarm

221 2413 336 2494 χρεία,
366 2414 463 2494 κυρία
495 2409 584 2495 ἡμῶν
608 2409 683 2494 ἁγία
694 2412 724 2491 ;”
754 2408 774 2493 ἦ
798 2411 834 2474 δὲ
859 2408 926 2498 “sagi
955 2405 1016 2495 κάρ
1038 2412 1069 2474 Γ
1067 2409 1187 2499 εωργίηι
1206 2406 1330 2496 ἐπῆλθε

294 2567 548 2734 ρεξπξιέηρόσδεκτον
567 2594 587 2645 Ρ
663 2610 688 2661 7.
706 2598 822 2647 κεῖσθαι
840 2592 996 2664 ἐνυπῆργεν
1011 2588 1109 2652 αὐτοῖς
1124 2594 1174 2646 καλ
1192 2589 1212 2644 Ρ
1286 2596 1328 2648 15.

224 2814 253 2859 at
272 2807 374 2876 recepit
391 2807 439 2858 iiis
455 2824 512 2859 non
530 2807 593 2877 pius
614 2805 775 2872 duodecim,
804 2817 888 2878 atque
908 2816 985 2860 eraut
1010 2825 1103 2860 omnes
1120 2807 1155 2860 ad
1175 2818 1326 2879 pauperta-

223 2887 296 2945 tem,
315 2878 513 2941 obedientiam,
540 2878 714 2939 modestiam,
739 2879 859 2948 denique
885 2879 1021 2948 quidquid
1048 2880 1100 2932 deo
1128 2889 1235 2948 gratum
1265 2889 1325 2946 est,

224 2957 279 3000 tam
299 2951 403 3018 egregie
431 2958 556 3019 paratae,
580 2951 680 3001 utiam
706 2966 761 3001 non
784 2960 910 3013 sauctae,
939 2949 987 3001 sed
1017 2959 1170 3002 sanctarum
1186 2951 1324 3002 vocabulo

224 3028 366 3072 uterentur
381 3012 456 3071 'cives
484 3030 513 3073 et
528 3022 720 3072 monasterium
745 3020 780 3072 ad
804 3030 910 3073 sanctas
934 3021 1078 3074 diceretur.
1120 3022 1204 3072 fuisse
1223 3039 1324 3074 mossa-

225 3090 284 3142 cliis
304 3091 360 3143 iilis
387 3093 493 3143 feminis
519 3108 688 3143 communem
723 3090 832 3155 cibum,
864 3109 1032 3144 communem
1060 3093 1204 3153 vestitum,
1246 3108 1323 3144 com-

136 3155 148 3178 '
225 3178 308 3213 mune
328 3165 426 3223 etiarn,
447 3172 477 3214 ut
494 3163 566 3214 nihii
584 3162 723 3233 proprium
735 3162 916 3232 possiderent,
934 3162 1014 3226 nihii,
1033 3165 1156 3232 quamvis
1175 3162 1323 3225 modicum,

225 3233 270 3283 vei
288 3231 323 3282 ad
341 3251 518 3298 communem,
536 3234 580 3285 vei
598 3233 631 3284 ad
644 3235 774 3302 privatam
786 3234 931 3286 utilitatem
947 3235 1077 3296 iacerent,
1090 3235 1142 3285 nisi
1162 3250 1323 3286 concessum

226 3304 260 3354 iis
286 3313 372 3367 esset,
392 3303 500 3356 easdem
526 3305 715 3357 calceamentis
742 3305 827 3356 nullis
850 3314 878 3358 et
908 3305 1037 3356 alimento
1067 3306 1144 3356 tenui
1162 3322 1225 3356 usas
1244 3322 1322 3369 esse,

227 3374 303 3424 humi
320 3376 447 3426 cubuisse
475 3385 504 3426 et
527 3378 637 3428 omnino
656 3378 739 3427 vitam
765 3377 848 3427 vitem
866 3376 952 3444 egisse
979 3384 1007 3426 et
1034 3376 1147 3445 reliquis
1171 3375 1322 3427 virtutibus

226 3443 389 3496 monachicis
402 3446 509 3499 dedisse
520 3463 637 3516 operam.
648 3463 877 3517 supervacaneum
888 3455 930 3498 est
941 3448 1039 3501 dicere.
1050 3448 1175 3498 similiter
1188 3445 1224 3497 sd
1235 3448 1323 3516 ipsam

225 3523 337 3567 matrem
358 3526 475 3568 sanctam
499 3526 528 3568 et
549 3519 719 3587 spiritualem
748 3534 905 3570 concursum
931 3520 1138 3586 imperatorum,
1162 3518 1320 3586 imperatri-

226 3601 296 3647 cum,
315 3588 468 3656 principum
481 3588 598 3638 virorum
617 3590 833 3659 feminarumque
851 3598 1014 3650 conventus,
1034 3605 1148 3658 quarum
1177 3589 1248 3640 aliae
1268 3589 1321 3640 be-

225 3657 405 3720 nedictionis,
431 3660 502 3708 aliae
527 3659 585 3709 eius
609 3660 769 3712 salutandae
789 3668 818 3712 et
844 3661 972 3729 precibus
997 3660 1083 3728 ipsius
1102 3675 1160 3711 sese
1181 3676 1321 3711 commen-

226 3728 309 3780 dandi
319 3729 405 3797 gratia
413 3728 593 3791 ventitabant,
601 3731 661 3798 quis
673 3731 748 3794 haec,
767 3739 796 3783 et
806 3731 934 3782 virtutem
947 3731 1021 3781 iliius
1035 3731 1116 3799 digne
1134 3730 1222 3799 possit
1240 3746 1321 3782 enar·

226 3799 305 3852 rare?
323 3817 378 3850 uns
393 3799 508 3870 quadam
527 3815 556 3850 re
577 3801 725 3852 enarranda
744 3817 849 3854 omnem
860 3801 1033 3853 ostendemus
1051 3803 1200 3853 veritatem.
1219 3818 1320 3870 magno

224 3871 275 3922 iiio
294 3869 340 3922 die
357 3870 471 3926 sabbati.
485 3887 624 3939 quoquae
642 3874 748 3924 narravi
763 3873 830 3924 mihi
848 3872 1011 3934 acciderunt,
1032 3890 1123 3943 ιηυυιο,
1142 3872 1220 3922 finita
1239 3872 1320 3924 iitnr·

225 3943 282 4011 gia,
297 3941 466 3994 consedisset
483 3942 511 3993 in
523 3943 637 3994 ecelesia
655 3960 715 3995 cum
733 3944 784 3996 reli
804 3947 847 3996 uis
864 3943 1003 3995 monachis
1019 3946 1075 3995 suis
1094 3952 1320 4013 exspectaretque

224 4013 302 4083 panis
322 4013 461 4066 benedicti
480 4015 704 4077 communionem,
721 3961 821 4066 deinde
832 4013 866 4065 ad
885 4023 944 4066 acta
959 4014 1144 4084 apostolorum
1164 4013 1320 4080 legendsse

226 4086 412 4146 convertisset,
431 4083 522 4136 subito
537 4083 720 4149 “monachae
734 4087 833 4156 inquit,
856 4083 1096 4156 expergiscimini.’'
1116 4084 1167 4135 hae
1177 4101 1261 4156 quum
1273 4101 1319 4135 ro-

226 4163 352 4223 gassent:
368 4154 442 4226 “qua
453 4154 505 4208 tibi
517 4171 546 4207 re
560 4171 630 4226 opus
647 4166 697 4224 est,
710 4167 803 4211 sancta
822 4156 970 4211 dominai''
990 4158 1079 4228 pergit
1093 4157 1142 4209 iiie
1159 4155 1320 4225 “Georgius
