2760 5092
223 274 311 378 364
412 318 417 321 ,
538 303 713 370 ououou
742 306 986 372 ouuaurzut

221 449 277 516 τὸν
300 448 392 535 θεάν,
412 453 470 517 καί
486 450 581 517 πάλιν
601 454 750 538 γενέσθαι
769 457 876 542 πολλῷ
898 450 1015 520 ἐλάττω
1030 456 1088 540 τη“ν
1110 454 1223 539 τύχην.
1267 457 1319 520 κατ’

221 546 267 633 μη
290 544 485 636 ἀρκεσθέντα
505 550 717 635 τὸνΜοιύσῆν
737 555 839 619 εἰπεῖν
863 557 919 617 καί
931 547 1028 630 αὖθις
1049 559 1101 620 ἵνα
1121 556 1319 639 ἐπαναστρα-

223 653 272 737 φῇ
282 647 361 735 πρὸς
381 647 437 715 τάν
455 647 533 715 θεὸν
552 653 609 715 καί
628 653 742 740 αἰτήσῃ
756 657 1074 739 συγγνωμονεστέραν
1092 655 1244 738 γενέσθαι
1262 651 1319 737 την

220 749 326 832 τύχην.
378 744 645 847 ούικκατένευσεν,
671 750 751 816 α’λλά
784 755 841 815 καί
858 756 1025 817 κατελθεῖν
1046 755 1091 828 εἷς
1108 751 1143 819 τά
1167 749 1318 836 Μπαράκ

221 847 278 911 καί
295 843 453 928 ἐλαύνειν,
484 847 545 923 ἕως
571 847 610 912 de
644 845 723 937 ἔλθη
744 847 823 914 ἔνθα
852 843 892 936 ἧν
915 848 1082 936 πρότερον.
1124 851 1237 916 σκόπει
1259 844 1341 926 ούν5

221 949 341 1028 ψεῦδος
361 945 466 1031 πάσης
484 949 643 1029 άγνονσίας
660 952 912 1030 μεμεστωμένον.
935 948 990 1015 τάν
1010 951 1087 1016 θεὸν
1107 947 1218 1015 ὅντινα
1241 948 1318 1031 ὄμο-

221 1048 310 1129 λογεῖ
335 1044 434 1121 odric
452 1046 471 1110 δ
492 1050 648 1130 Modus&
677 1039 811 1134 ποτἠτην
838 1048 978 1136 ούρανοῦ
999 1073 1033 1116 τε
1054 1053 1111 1115 καί
1128 1054 1196 1134 γῆς,
1218 1046 1320 1115 ἑνσοά·

220 1169 320 1226 ματον
343 1141 478 1233 δεικνύει
499 1145 556 1211 καί
584 1149 642 1212 ούκ
663 1142 851 1230 άσώματον·
899 1146 933 1214 τὸ
954 1148 1016 1234 γάρ
1040 1154 1129 1214 θεῖον
1148 1149 1320 1231 άστάματον

222 1240 340 1310 άποσύν
354 1268 389 1309 το
409 1249 467 1310 καί
482 1245 526 1332 μη
559 1243 634 1331 ἔχον
652 1249 807 1335 μέγεθος,
831 1249 907 1313 otte
927 1251 961 1314 ἐν
983 1248 1063 1314 εἴδει
1083 1245 1318 1333 περιγραπτάν·

221 1342 258 1408 τά
282 1346 318 1410 δὲ
338 1340 438 1421 ούτας
459 1343 590 1430 ἔχοντά
612 1349 646 1412 ἐν
665 1349 705 1435 τῇ
727 1347 793 1436 torp
814 1351 918 1413 αύτού
938 1349 1123 1432 φύσινπῶς
1145 1344 1184 1411 dv
1208 1349 1359 1428 &xpe-10

223 1447 289 1527 ρῶν
301 1471 312 1526 ς
335 1447 366 1510 εἰ
384 1428 508 1530 γάρ’τις
528 1448 598 1531 δοιή
618 1449 715 1512 τούτο
736 1443 904 1532 ύπάρχειν,
928 1449 994 1523 πῶς
1015 1445 1209 1530 νοηθήσεται
1233 1445 1320 1511 οἰστά·

228 1567 351 1625 ματον,·
370 1542 406 1607 τὸ
430 1543 490 1629 γάρ
518 1547 553 1610 ἐν
581 1542 723 1630 σχήματι
749 1539 784 1609 ὃν
812 1541 935 1621 πάντως
965 1548 1024 1609 καί
1048 1547 1083 1611 ἐν
1100 1547 1188 1630 ποσῷ
1210 1544 1269 1608 καί
1289 1545 1323 1610 ἐν

223 1640 320 1730 τόπῳ,
343 1647 400 1707 καί
417 1646 451 1723 ἔξ
473 1643 610 1728 άνάγκης
630 1645 853 1730 περιγραπτάν.
882 1647 984 1710 ταῦτα
1009 1647 1045 1711 δὲ
1066 1641 1246 1726 σωματικά.
1268 1643 1325 1709 καί

224 1739 265 1806 τά
287 1743 345 1806 τού
365 1740 511 1827 σοάμρτος
538 1741 606 1810 ἴδια
628 1747 695 1820 πιός
730 1738 770 1809 dv
791 1746 847 1809 ἐπί
864 1748 919 1829 τῆς
940 1747 1102 1829 μακαρίας
1123 1745 1245 1828 ἐκείνης
1268 1742 1325 1810 κατ’.

225 1840 396 1922 οἷσονμάτοο
430 1841 559 1929 φύσεως
586 1846 642 1909 τοῦ
665 1846 747 1908 θεοῦ
772 1847 1002 1930 λογίσηταίττς
1022 1845 1165 1919 διανοίας
1183 1840 1358 1926 μέτοχοςιᾶ

225 1933 289 2025 ὄν,
308 1942 365 2005 καί
386 1937 402 2005 ὃ
422 1945 481 2023 μὲν
500 1943 700 2029 πατριάρχης
716 1942 869 2026 Ἀβραάμ
899 1945 934 2010 ἐν
955 1948 994 2031 τῇ
1014 1941 1113 2008 πάλαι
1143 1943 1321 2030 θεοφανείρ

224 2042 283 2125 γῆν
303 2043 358 2106 καί
375 2039 495 2106 σποδὸν
514 2037 628 2109 ἑαυτὸν
648 2043 812 2126 ἐλογίσατο
841 2046 898 2107 καί
916 2044 1063 2108 ἐκάλεσε·
1106 2045 1225 2118 rosidi
1249 2046 1319 2109 Δα-

225 2138 297 2223 νιηλ
318 2144 374 2205 τοῦ
393 2138 539 2206 τοιούτου
560 2144 617 2207 καί
645 2139 807 2225 τοσούτου,
829 2135 958 2233 ἄγγελον
977 2144 1109 2223 ἰδόντος,
1131 2137 1278 2226 ἐστράφη
1300 2140 1320 2224 ἢ

224 2236 302 2317 δόξα
321 2239 423 2305 αύτού
443 2243 489 2319 τίς
512 2240 708 2329 διαφθοράν,
722 2244 804 2307 τοῦτ’
816 2239 883 2308 ἔστι
896 2240 983 2326 παρά
1000 2239 1109 2325 βραχύ
1123 2242 1320 2323 α’πηδάλλετο

223 2336 280 2422 την
301 2333 421 2403 ἑαυτοῦ
442 2339 544 2425 ζωήν·
568 2340 585 2404 ὅ
606 2343 666 2422 μὲν
679 2343 788 2424 Δαβίδ
806 2365 905 2429 φησιν
926 2341 966 2404 “d
986 2343 1163 2423 ἐπιβλέπων
1187 2340 1244 2404 ἐπί
1263 2337 1358 2423 τηντο

223 2441 281 2521 γῆν
302 2442 359 2502 καί
378 2443 476 2505 ποιάν
494 2439 594 2525 adesis·
623 2441 794 2524 τρέμειν·υ
844 2440 862 2504 ά
887 2443 923 2506 δὲ
944 2435 1101 2520 Modica&
1117 2437 1174 2513 τάς
1194 2438 1320 2522 οἷγγελι·

224 2534 282 2614 κάς
303 2537 408 2615 πάσας
438 2538 645 2626 ύπεραναβάς
674 2541 826 2623 δυνάμεις
852 2541 979 2623 άμίσοος
1000 2543 1044 2628 τῷ
1062 2541 1128 2626 θεῷ
1153 2537 1319 2622 προσαμί·

299 2741 325 2794 7·
345 2724 377 2780 ἐν
395 2722 542 2797 σύματιΡ
632 2726 672 2779 16.
691 2724 797 2797 παλαιᾷ
817 2710 853 2776 ΡΙ

226 2912 267 2950 res
285 2896 368 2949 iactas
387 2911 444 2948 esse
463 2912 565 2969 preces.
601 2904 630 2950 st
646 2913 681 2950 ne
700 2899 738 2950 sic
761 2896 871 2968 quidem
890 2896 954 2948 satis
973 2893 1101 2946 habuisse
1118 2891 1253 2960 Moysem,
1271 2890 1318 2945 sed

225 2985 315 3021 rursus
334 2968 457 3031 suasisse,
475 2977 507 3021 ut
518 2968 553 3020 ad
567 2966 647 3023 deum
665 2968 775 3032 rediret,
787 2968 823 3020 ad
836 2968 1021 3020 remissionem
1032 2981 1142 3035 precum
1154 2963 1319 3031 rogandamj

223 3040 313 3110 ipsum
340 3047 430 3091 autem
449 3056 506 3092 non
524 3040 706 3103 consensisse,
733 3039 781 3091 sed
800 3039 835 3090 ad
855 3040 936 3089 Barac
958 3035 1127 3089 descendisse
1146 3043 1175 3086 et
1195 3044 1318 3087 avectum

225 3127 302 3173 esse,
331 3110 418 3162 donec
444 3111 560 3163 redisset
581 3112 612 3163 in
640 3128 702 3163 eum
726 3111 836 3172 locum,
862 3110 964 3178 inquo
983 3117 1047 3159 anto
1066 3107 1172 3157 suisset.
1210 3122 1245 3156 en
1266 3106 1318 3156 iam

223 3182 393 3234 mendacium
411 3183 484 3234 omni
502 3183 608 3234 inscitia
626 3184 769 3252 repletum.
806 3197 887 3252 quem
905 3181 964 3250 ipse
980 3178 1149 3230 Muhametes
1170 3176 1319 3228 fabricato·

225 3270 280 3304 rem
298 3252 367 3304 coeii
387 3261 415 3304 et
445 3262 532 3305 terrae
559 3269 617 3305 esse
636 3253 703 3305 dicit
719 3253 818 3315 deum,
848 3267 910 3302 eum
937 3265 1094 3319 corporeum
1117 3263 1177 3299 esse
1198 3249 1248 3310 ait,
1264 3262 1319 3299 non

225 3324 428 3392 incorporeum:
461 3341 544 3391 quum
569 3331 660 3376 tamen
685 3340 785 3375 numen
808 3322 930 3374 divinum
957 3337 1014 3373 non
1031 3319 1132 3370 habeat
1153 3335 1254 3387 corpus
1271 3331 1320 3369 nee

224 3393 448 3462 magnitudinem,
467 3411 518 3446 nec
536 3394 620 3464 figura
633 3393 748 3447 describi
767 3394 862 3464 possit.
898 3384 938 3444 its
954 3399 1043 3443 autem
1063 3398 1159 3442 natura
1178 3406 1228 3441 sua
1248 3405 1320 3440 eom·

225 3472 350 3534 paratum
370 3482 471 3516 numen
500 3465 636 3535 quomodo
662 3465 787 3535 partibus
813 3462 938 3516 constet?
972 3465 1025 3514 hoc
1051 3463 1123 3512 enim
1142 3461 1191 3529 qui
1209 3466 1317 3521 statuat,

226 3534 363 3605 quomodo
390 3535 462 3585 idem
491 3551 549 3587 esse
576 3538 765 3606 incorporeum
794 3534 883 3586 dicat?
926 3550 988 3584 nam
1006 3531 1185 3603 quidcunque
1206 3532 1318 3600 figuram

226 3606 319 3667 habet,
337 3605 550 3674 magnitudinem
571 3616 599 3659 et
617 3605 746 3659 ambitum
764 3606 849 3658 habet
867 3612 895 3656 ct
912 3604 1063 3656 necessario
1082 3601 1201 3652 describi
1220 3605 1323 3670 potest·

226 3677 295 3728 haec
314 3683 405 3728 autem
423 3691 553 3745 corporea
570 3686 642 3729 sunt.
669 3679 788 3748 corporis
809 3677 989 3746 proprietates
1006 3682 1096 3725 nutem
1116 3672 1258 3743 quomodo
1275 3668 1320 3794 ηοί

227 3749 339 3802 rationis
357 3763 412 3798 non
430 3763 525 3815 expers
545 3749 632 3800 estin
650 3748 768 3800 divinam
788 3747 864 3797 illam
885 3755 915 3798 et
926 3747 1111 3814 incorpoream
1130 3752 1259 3794 naturam
1296 3739 1325 3793 si·

226 3818 390 3872 transferat?
410 3815 577 3869 Abrahamus
595 3819 705 3887 quidem
723 3817 877 3889 patriarcha
894 3817 923 3868 in
940 3824 1047 3868 vetusto
1066 3814 1117 3865 iiio
1136 3813 1259 3875 aduentu
1277 3809 1320 3866 dei

226 3899 325 3942 terram
344 3898 372 3940 et
389 3890 506 3940 cinerem
525 3905 553 3939 se
573 3890 736 3940 existimavit
754 3887 975 3958 appellavitque;
995 3895 1023 3938 et
1040 3902 1125 3955 quum
1142 3884 1262 3947 Daniel,
1280 3891 1331 3936 tra-²

227 3962 261 4012 iis
279 3978 310 4013 ac
330 3970 421 4012 tantus
442 3961 490 4020 vir,
509 3960 635 4028 angeium
654 3959 766 4022 videret,
787 3975 862 4009 mens
882 3960 941 4009 eius
963 3959 991 4008 in
1010 3957 1159 4026 pernicicm
1180 3971 1259 4007 versa
1272 3958 1325 4015 esi,

228 4031 255 4082 h.
278 4049 301 4083 e.
320 4041 376 4083 non
394 4031 509 4083 muttum
540 4031 652 4092 aberat,
681 4031 747 4099 quin
774 4029 856 4082 vitem
876 4028 1025 4092 amitteret,
1046 4036 1129 4096 atque
1149 4024 1241 4078 David
1257 4023 1328 4077 diet*

224 4100 291 4171 “qui
310 4111 408 4154 terram
428 4103 557 4172 prospicit
576 4110 605 4153 et
621 4098 798 4152 tresneiacit.''
836 4099 882 4152 sad
902 4098 1079 4157 Mohametes,
1097 4113 1192 4148 omnes
1212 4095 1318 4165 angeli·

227 4189 272 4225 cas
292 4173 359 4226 sires
381 4174 643 4244 supermundanum
664 4170 857 4236 intercedente,
877 4171 957 4224 deum
970 4169 1106 4233 contenit,
1125 4176 1155 4220 et
1176 4185 1260 4240 snper
1274 4168 1327 4220 'w
