2844 5092
497 570 573 631 un.
594 571 649 632 ιιι.
680 568 771 635 err.
791 576 830 635 v.
1101 558 1185 670 269

89 715 161 793 θεὶς
183 710 233 779 ὅτι
253 711 475 798 ὖπερισχνσοιν
507 716 536 781 οὶ
558 716 643 800 λόγοι
665 721 725 783 τοῦ
745 718 847 803 Σογιὶν
867 726 982 807 ausari,
1002 727 1058 791 καί
1074 730 1110 792 ἐκ
1129 735 1187 796 τοῦ

90 814 214 901 φθόνον
236 804 360 899 ήθελεν,
383 817 415 879 εἰ
435 815 578 896 δυνατόν,
600 821 731 902 ποιήσαι
752 819 900 906 μηχανήν
915 825 967 887 ἳνα
990 825 1084 892 aridis
1105 829 1186 912 upri-

90 920 185 992 ’ξωσιν
220 911 301 977 κοιτιιΙ
332 918 389 996 τῆς
405 910 534 1000 πόλεως.
586 914 723 1001 ἐμήνυσε
746 921 789 1005 τιή
809 925 941 1001 βασιλεῖ
955 921 994 987 τοὶ
1017 929 1186 1008 συμβάντα

89 1014 147 1077 καί
165 1012 298 1100 παρῄνει
314 1011 412 1078 ariade
431 1011 477 1098 μή
491 1019 677 1100 φοβεῖσθαι,
699 1015 781 1082 διότι
802 1022 837 1084 ἐν
857 1029 923 1096 τοῖς
936 1026 1084 1104 πολέμοις
1105 1021 1186 1114 sitq.

59 1110 141 1186 ὄλὸς
164 1108 248 1176 ἐστιν
271 1111 291 1194 ἡ
311 1111 395 1196 τύχη
420 1110 586 1190 πολλάκις·
642 1118 698 1179 καί
720 1113 772 1180 διὰ
796 1121 890 1181 τοῦτο
911 1116 940 1184 οἱ
963 1121 1102 1207 φύλακες
1122 1151 1187 1211 φα.

87 1211 286 1275 λαττέτωσαν
308 1208 484 1292 ἀγρύπνους.
543 1205 582 1296 ήν
604 1213 757 1277 discisa
787 1216 825 1302 τῇ
847 1211 966 1304 ἑβδόμη
989 1226 1044 1287 καί
1060 1225 1186 1312 εἰκοστῇ

86 1312 147 1373 τοῦ
168 1312 283 1424 Maiori
306 1304 435 1398 ἑσπέρᾳ.
480 1311 500 1374 ὅ
521 1313 557 1376 δὲ
575 1312 702 1396 α’μηρᾶς
720 1313 899 1397 προστάξας
918 1320 961 1381 δι’
974 1313 1047 1406 ὅλης
1066 1325 1185 1409 ἐκείνης

87 1432 145 1491 της
169 1430 282 1483 νυκτος
301 1411 357 1471 καί
375 1411 433 1492 τῆς
449 1409 599 1494 ἐπιούσης
619 1411 740 1495 ἡμέρας
758 1417 851 1499 φῶτα
872 1419 928 1480 καί
948 1417 1071 1503 φανοὺς
1093 1421 1184 1506 ποιή·
1226 1482 1231 1490 .

86 1531 181 1584 σωσι,
204 1505 259 1571 καί
278 1507 402 1593 νήστεις
418 1510 459 1571 δι’
482 1505 554 1594 ὅλης
576 1513 630 1594 τής
658 1510 780 1597 ἡμέρας
792 1515 995 1581 διατελέσωσι
1015 1519 1071 1583 καί
1087 1518 1184 1586 ἐπιά-

43 1629 137 1681 ιοκις
158 1610 342 1687 tuoruum,
374 1606 430 1670 sai
448 1612 507 1672 τοῦ
522 1609 610 1671 θεοῦ.
625 1607 748 1691 νήστεις
768 1615 825 1676 καί
845 1618 987 1699 καθαροί
1006 1618 1183 1702 δεηθῶσιν,

87 1702 175 1780 ὅπως
201 1702 259 1789 τήν
291 1701 383 1770 πόλιν
411 1709 598 1788 νικήσωσιν·
640 1705 733 1774 duni
754 1710 885 1794 ε’γὲνετο.
929 1715 1026 1800 τῇδὲ
1049 1719 1183 1808 δευτέρη

85 1800 223 1886 ἑσπέρας
247 1803 302 1869 ἐπὶ
328 1806 386 1888 τήν
418 1805 510 1888 ἡλίου
543 1809 634 1871 δυ’σιν
660 1809 741 1888 μετὰ
772 1808 1003 1896 τὸἰῖριστῆσαι
1025 1810 1183 1893 αὖτούςᾶ

86 1894 146 1967 οὖν
176 1906 302 1988 α’μηροῖς
331 1904 460 1980 σταθεὶς
481 1908 670 1990 δημηγορῶν
700 1910 803 1974 ταῦτα
825 1907 898 1996 ἔφη.
954 1917 1004 1999 (5)
1021 1908 1070 1979 “d
1091 1919 1183 1982 τέκνα

85 1999 242 2087 φίλτατα,
272 2001 358 2087 παροὶ
382 2007 539 2069 σοῦ’θεοῦ
559 2007 614 2070 καὶ
643 2009 701 2072 τοῦ
721 2009 821 2075 αὐτοῦ
842 2011 1005 2098 προφήτου
1028 2015 1185 2098 Massiua&

41 2101 141 2167 ιδκαί
160 2105 241 2182 ἐμοῦ
261 2103 325 2165 τοῦ
346 2099 463 2168 δούλου
485 2105 588 2168 orituri
618 2108 731 2188 δέομαι
753 2106 809 2173 καί
827 2115 1003 2194 παρακαλοῖ
1023 2109 1108 2195 ὑμᾶς
1129 2116 1181 2180 ἵνα

85 2200 141 2319 εἠἰ
160 2199 219 2316 τήν
230 2191 350 2318 εαι’ἷριον
370 2195 458 2280 ἄξιον
482 2200 572 2287 ἔργον
587 2205 714 2289 μνήμης
729 2207 861 2272 αἰωνίου
881 2208 1040 2296 ποιήσητε,
1064 2209 1107 2289 ὥς
1128 2220 1183 2281 καί

85 2323 115 2364 οι
138 2323 199 2385 προ
223 2324 311 2383 ημων
333 2305 498 2384 πανταχοῦ
511 2306 570 2377 ἕως
590 2310 649 2367 τοῦ
659 2309 727 2383 νῦν,
751 2306 794 2381 ὠς
806 2303 944 2394 φανερόν
965 2313 1059 2393 ἐστιν,
1074 2315 1182 2400 ἑποιή-

83 2423 157 2480 σαν,
177 2398 234 2464 καὶ
249 2397 331 2479 μετὰ
354 2404 538 2483 προθιιμίας
559 2400 615 2466 καί
631 2404 845 2489 γενναιότητος
865 2406 921 2470 καὶ
939 2412 1183 2493 μεγαλοψοχιάς

83 2497 157 2576 τούς
177 2504 305 2581 ’τείχους
336 2491 459 2568 ἄνωθεν
488 2499 569 2581 μετὰ
591 2504 652 2566 τῶν
675 2504 835 2585 κλιμάκων
856 2503 901 2580 ὥς
923 2513 1076 2590 πτερωτοί
1095 2512 1178 2573 araa-

36 2603 179 2681 τοθηιε·
221 2605 276 2663 καί
297 2598 352 2683 τήν
376 2597 486 2684 φήμην
508 2597 546 2683 ήν
566 2596 596 2664 οἷ
617 2598 677 2684 πρὸ
702 2602 801 2685 ήμῶν,
824 2602 867 2679 ὥς
886 2600 1027 2686 εἴπομεν,
1050 2590 1178 2691 ἐκέρδη·

82 2725 144 2762 σαν
165 2698 221 2762 καί
240 2697 257 2762 ὁ
279 2697 354 2774 θεὸς
375 2697 558 2781 ἐχαρίσατο,
579 2697 623 2783 μή
645 2703 766 2783 γένοιτο
785 2703 838 2766 ἵνα
861 2701 952 2786 ήμεῑς
974 2703 1179 2785 ἀπολέσωμεν

82 2795 194 2883 ου’τήν,
220 2796 301 2863 oillei
328 2801 469 2880 μάλιστα
500 2801 558 2862 νῦν
588 2799 605 2884 ή
640 2795 708 2884 ὥρα
733 2792 856 2884 ήγγικεν
874 2801 928 2866 ἵνα
948 2796 1052 2886 αὐτήν
1076 2810 1175 2870 πολιν.

149 3013 177 3062 9.
198 2998 246 3047 καὶ
265 2993 325 3049 lna·
344 3023 379 3033 -
400 2992 555 3061 νικήσωσιν
574 2995 655 3044 omP
745 2997 786 3049 ra.
806 2988 837 3068 ὦ]
860 2992 898 3056 ὥς
916 2991 997 3114 Μ.
1039 2989 1174 3069 1471qu

152 3065 233 3116 uruP
324 3081 362 3132 ιη·-
382 3063 505 3130 δήλόνΡ

81 3242 170 3312 Sogau
189 3241 282 3313 pariae
300 3241 436 3294 sententis
453 3242 659 3312 praevaluisset,
678 3241 877 3311 constituitque
896 3256 930 3291 ex
949 3239 1067 3303 invidia,
1086 3250 1131 3306 ut,
1152 3245 1173 3296 si

79 3320 181 3397 posset,
199 3312 361 3382 impediret,
388 3328 423 3363 ras
451 3313 521 3382 quid
537 3313 701 3383 proficerent
726 3312 853 3365 adversus
880 3311 984 3364 urbem.
1015 3313 1175 3380 significavit

78 3384 254 3456 imperatori,
273 3382 339 3452 quid
357 3381 512 3446 accidisset,
534 3399 650 3454 eumque
672 3383 796 3436 hortatus
814 3390 872 3445 est,
891 3398 925 3433 ns
943 3390 1085 3445 metueret,
1283 3382 1285 3388 ⁴

79 3457 151 3507 niam
169 3456 199 3508 in
219 3453 299 3505 bellis
316 3453 389 3505 varia
408 3460 436 3504 et
454 3469 552 3524 auceps
571 3454 681 3506 fortuna
699 3455 801 3511 coleret
824 3468 891 3503 esre.
909 3451 1025 3520 proinde
1045 3389 1188 3584 σοι,

77 3525 206 3579 excubiae
225 3524 368 3595 pervigiles
393 3532 513 3592 agerent.
541 3524 671 3592 agebatur
695 3523 748 3576 hoc
771 3539 884 3591 vespera
911 3523 1031 3573 vicesimi
1065 3540 1112 3593 sep

78 3598 133 3648 diei
150 3597 251 3648 mensis
269 3596 344 3646 Maii.
364 3611 466 3646 emeras
483 3595 634 3662 imperavit,
650 3602 681 3645 ut
699 3611 750 3664 per
769 3602 854 3644 totam
877 3609 934 3643 earu
952 3601 1060 3644 noctem
1079 3605 1108 3646 et
1126 3613 1172 3648 se-

77 3676 208 3739 quentem
226 3666 298 3718 diem
316 3667 391 3735 ignes
405 3666 531 3734 facesque
549 3663 684 3726 arderent,
702 3665 804 3715 milites
825 3672 884 3715 toto
905 3662 950 3714 die
967 3664 1124 3718 ieiunarent
1141 3675 1171 3720 et

78 3741 234 3791 lavarentur
252 3754 280 3789 ae
301 3738 363 3799 ties,
382 3752 414 3788 ac
432 3735 513 3787 deum
533 3735 618 3786 ieiuni
636 3736 741 3806 lotique
761 3734 922 3803 suppliciter
943 3744 1066 3802 rogarent
1085 3753 1172 3806 expu-

77 3811 234 3878 gnationem
255 3755 336 3860 urbis.
361 3808 400 3859 ita
418 3823 502 3877 quum
521 3805 623 3858 lactum
642 3815 721 3870 esset,
741 3806 827 3857 altera
846 3821 958 3873 vespera
977 3806 1026 3856 sub
1046 3823 1170 3860 occasura

76 3883 141 3933 aulis
159 3877 222 3950 post
239 3879 383 3948 prandium
402 3893 505 3929 amaras
523 3877 605 3928 talem
624 3875 660 3927 ad
678 3877 779 3928 militer
800 3877 959 3927 concionem
979 3875 1084 3930 habuit.
1121 3879 1172 3951 (5.)

74 3946 152 4004 “filii
171 3951 357 4014 dilectissimi,
384 3963 434 4020 per
452 3947 533 4000 deum
552 3956 580 4000 et
596 3947 788 4009 Mansuetus,
805 3945 968 4016 prophetam
987 3948 1054 4012 eius,
1073 3957 1102 4001 et
1119 3966 1172 4013 me,

76 4020 199 4075 eiusdem
219 4037 335 4083 servum,
353 4019 464 4072 obsecro
482 4036 529 4089 vos
548 4017 714 4088 hortorque,
734 4026 766 4070 ut
782 4019 899 4068 crastino
919 4016 964 4068 die
983 4034 1039 4069 reru
1057 4036 1170 4088 peraga-

74 4095 111 4146 tis
128 4094 250 4145 omniurn
262 4091 431 4143 saeculorum
441 4092 570 4142 memoria
587 4088 711 4158 dignam,
725 4087 820 4160 quales
840 4088 874 4139 ad
892 4087 964 4139 bunc
991 4105 1077 4158 usque
1096 4087 1170 4140 dlern

74 4164 192 4216 maiores
216 4171 324 4214 nostroe
352 4160 441 4213 ubivis
465 4162 561 4213 secisse
589 4168 715 4223 conam,
738 4169 767 4213 et
789 4157 892 4222 alacri,
910 4174 1040 4227 generoso
1059 4166 1087 4209 et
1104 4159 1170 4212 forti

74 4237 166 4287 animo
184 4234 293 4285 moenia
309 4249 357 4302 per
374 4232 460 4283 scalas
481 4240 610 4301 tanquam
638 4232 717 4283 alites
737 4229 897 4289 escendatis,
916 4244 984 4279 nevo
1001 4228 1120 4290 accidat,
1139 4239 1170 4284 ut

75 4307 195 4375 gloriam,
216 4322 232 4354 a
251 4302 408 4365 maioribus,
427 4310 458 4353 ut
474 4301 540 4363 dixi,
559 4304 710 4371 quaesitam
723 4310 752 4353 et
771 4299 856 4351 adeo
875 4299 1011 4361 donatam,
1029 4315 1078 4350 nos
1096 4317 1170 4353 nunc

53 4379 246 4438 ,aminarum
273 4391 357 4445 quum
383 4372 482 4424 eximie
499 4372 638 4440 augendae
667 4373 725 4424 eiua
748 4381 856 4440 tempus
881 4365 975 4420 adrit”
994 4368 1054 4420 aliis
1074 4370 1167 4423 multis

72 4446 180 4500 bellicis
199 4445 279 4498 dictis
291 4444 326 4496 ad
337 4443 528 4497 fortitudinem
541 4443 752 4496 eoscohortatus
771 4450 821 4505 est,
840 4449 871 4492 ut
879 4451 986 4492 strenue
1003 4450 1165 4509 pugnarent.
