2782 5100
427 587 502 647 Llll.
523 588 549 646 l.
579 583 669 648 (ΞΜ).
690 587 828 649 xxxiv.
1098 585 1173 642 iol

78 760 153 821 ριον
175 732 359 820 ἱδρύσαντες
388 735 444 798 καί
473 737 576 809 καλῶς
595 731 876 817 οἷκροττολίσαντες,
907 732 927 796 δ
948 735 1004 800 καί
1022 735 1182 800 Χάνδακα

81 835 278 917 ὀνόμασαι,
308 835 364 896 καί
381 834 416 896 δκ
443 833 559 897 τούτου
593 833 772 914 ὁρμώμενοι
798 832 855 917 τήν
877 828 954 918 άλην
974 837 1070 917 νῆσον
1092 837 1183 899 καιδ-
1268 895 1269 900 ,

82 957 202 1019 τρεχον
223 932 279 997 καί
300 931 358 1007 τάς
384 930 496 1008 λοιπὰς
523 929 628 1007 τιάσος
648 932 755 1009 πόλεις
782 935 840 1018 τής
861 933 961 1016 νήσον
981 935 1184 1014 ἐδούλωσαν,

84 1032 173 1116 πλήν
193 1036 247 1116 τῆς
268 1032 299 1096 Γ
298 1029 432 1116 ορτάνης
455 1029 510 1097 καί
528 1034 710 1107 Κυδωνίας.
752 1035 808 1096 καί
830 1029 931 1107 οδτοις
950 1033 1009 1111 μὲν
1029 1032 1048 1116 ή
1070 1030 1185 1116 Κρήτη

56 1132 108 1216 5ή
131 1131 191 1214 μία
223 1133 285 1195 τάν
315 1131 506 1216 περιφήμοον
535 1127 612 1195 inani
633 1130 781 1214 μεγάλων
800 1129 904 1215 νήσων
933 1126 1019 1195 ἑάλω
1035 1129 1097 1194 riuti
1120 1135 1184 1196 τῶν

78 1233 240 1299 Ἰσιακῶν
260 1235 461 1314 Σαρακηνοῑν.
515 1228 570 1294 καί
594 1224 690 1305 αὖθις
719 1229 799 1310 μετά
832 1227 902 1306 ἔτος
929 1231 962 1292 ‘iv
997 1228 1185 1308 άβασιλεάς

84 1328 230 1414 Μιχαὴλ
251 1333 355 1414 ἕτερον
374 1326 656 1408 στόλονδκιτίμιτει
677 1335 747 1394 κατ’
769 1331 886 1408 αὐτῶν,
907 1327 961 1392 καί
984 1329 1076 1393 aridia
1098 1321 1187 1404 άξιον

83 1427 182 1512 ἔργον
209 1430 380 1512 ε’σοίησαν·
428 1430 483 1491 καί
511 1426 540 1492 oi
563 1430 743 1511 Σαρακηνοί
767 1431 826 1492 τοῦ
859 1420 973 1492 λοιποῦ
1002 1425 1185 1510 ἀμερίμνως

84 1531 216 1611 διῆγον,
249 1527 305 1591 κατ’
325 1527 429 1612 τιάσης
453 1533 508 1609 τῆς
527 1527 623 1612 νήσου
643 1524 833 1612 κληρονόμοι
854 1528 909 1591 καί
928 1526 1035 1610 κάριοι
1055 1525 1185 1608 γεγόνα-

39 1652 160 1706 ιοσιν,
191 1631 246 1691 καί
273 1627 384 1691 πολλοὶ
404 1625 596 1712 Χριστιανοὶ
620 1626 701 1712 ὑπὲρ
729 1628 784 1711 τῆς
814 1626 924 1710 ὑγιοῦς
944 1624 1033 1709 ήμῶν
1052 1627 1185 1700 πίστεως

85 1728 132 1815 τῷ
152 1731 253 1815 καιρῷ
275 1729 381 1812 ἐκείνῳ
405 1723 641 1811 ἐμαρτύρησαν.
662 1725 729 1790 ἔστι
750 1728 783 1790 δὲ
807 1727 826 1810 ή
854 1729 949 1810 νήσος
970 1721 1052 1811 αὕτη
1077 1724 1183 1808 ὀρεινή

84 1824 146 1891 καί
165 1828 299 1908 δασεῖα,
324 1823 393 1909 ἔχει
414 1827 449 1891 δὲ
465 1829 521 1890 καί
541 1826 689 1909 αὐλῶνας
707 1823 905 1908 εδκάρτιους·
930 1823 969 1891 τά
991 1826 1027 1891 δὲ
1044 1819 1103 1908 ὅρη
1125 1826 1186 1888 ατί-

84 1930 146 2012 τής
165 1925 224 1993 οάκ
242 1926 389 1991 ἐλάττονα
411 1929 468 1991 τοῦ
491 1927 650 2009 Ταὶἕγέτοσ
675 1929 709 1990 ὲν
730 1929 772 2014 τῷ
787 1922 877 2007 ὕψει.
933 1923 999 2007 ἔχει
1023 1926 1058 1988 δὲ
1080 1924 1187 2001 πόλεις

84 2025 245 2106 παλαιάς,
266 2027 410 2101 πλείονας
438 2019 459 2108 ή
485 2027 548 2089 τῶν
568 2023 785 2108 ἐννενήκοντα,
815 2027 964 2108 μεγίστας
984 2027 1019 2088 δὲ
1041 2026 1095 2086 καί
1117 2023 1186 2086 ε’ττι-

39 2124 294 2214 ι5φανεστάτας
312 2135 411 2210 τρεῖς,
444 2122 598 2190 Κνωσσὸν
618 2124 779 2208 Γόρτυναν
800 2123 855 2188 κατ’
872 2123 1055 2189 Κυδωνίαν.
1099 2113 1144 2186 ὧν
1166 2118 1185 2185 ά

85 2231 195 2300 Miror
215 2224 232 2289 ri
260 2223 412 2306 βασιλεῦς
431 2223 586 2308 Κρήτης,
615 2227 880 2306 θαλαττοκρατῶν
898 2226 990 2302 nori,
1013 2222 1070 2304 τήν
1091 2224 1187 2303 νῆσον

84 2328 185 2412 τριχῇ
204 2319 334 2406 desinis,
367 2326 402 2388 ἐν
421 2315 541 2411 ἑκάστῳ
564 2324 656 2406 με’ρει
683 2328 792 2398 κτίσας
813 2326 926 2405 πάλιν,
954 2321 1011 2405 τήν
1031 2316 1188 2386 Κνωσσὸν

84 2423 277 2507 κατάντοκρο
307 2424 363 2506 τῆς
384 2421 653 2507 Πελοποννήσου·
707 2418 788 2506 αὕτη
817 2424 853 2486 δέ
873 2424 940 2487 ε’στι
971 2418 1187 2503 τιροσβάρειος.

85 2514 183 2599 οὗτος
206 2520 392 2603 δβασιλεδς
415 2521 431 2585 δ
453 2527 569 2601 Μῖνος,
591 2520 635 2596 αἱς
654 2519 845 2605 ἱστορεῖται,
869 2523 991 2604 πρῶτος
1014 2517 1073 2602 τήν
1094 2518 1185 2600 Κρή-

34 2647 144 2704 ῃοτην
165 2619 368 2705 ἐξημερώσας
387 2625 560 2704 νομοθέτης
581 2623 703 2704 ἐγένετο
725 2623 914 2696 σπουδαῖος·
956 2617 1006 2683 διὸ
1029 2615 1188 2698 λέγεικαὶ

85 2719 105 2785 o‘
128 2719 261 2805 ποιητής
274 2718 348 2804 ιιερί
369 2714 469 2785 αὐτοῦ
485 2716 566 2784 “desi
588 2719 644 2804 τήν
665 2715 764 2802 άκραν
781 2715 979 2803 δικαιοσύνην
1005 2721 1110 2788 Miror
1131 2719 1187 2780 καί

78 2819 311 2903 Ῥαδάμανθυς
335 2822 466 2904 Κρήται
489 2811 574 2895 ὄντες
595 2818 656 2884 sini
682 2820 741 2885 τοῦ
761 2820 842 2898 Διὸς
865 2817 971 2907 κριταί
989 2812 1184 2901 κατεστάθη·

162 3036 439 3110 aluminosum?
514 3053 555 3089 ιο.
573 3036 658 3110 ἁγίας
675 3038 783 3091 Alteras
860 3055 902 3093 ao.
918 3035 1134 3110 ἄνεξερημάσας
1145 3036 1185 3099 ld,

162 3107 319 3182 ἰξερήμωσε
335 3113 383 3161 καῖ
402 3108 434 3173 Ρ,
457 3109 614 3181 ἐξημέρωσε
632 3114 680 3165 καὶ
697 3111 831 3164 Brunstns

86 3325 154 3364 ares
172 3309 243 3362 bene
271 3313 524 3375 communiverunt,
552 3314 597 3366 cui
615 3313 766 3366 Chandacis
793 3329 893 3365 nomen
922 3311 1015 3363 datum
1037 3316 1091 3361 est:
1111 3307 1185 3358 unde

86 3384 241 3452 progressi,
259 3391 345 3434 totam
366 3385 481 3434 insulam
499 3384 688 3446 incursabant,
713 3401 862 3454 omnesque
884 3381 966 3434 urbes
985 3383 1060 3442 eius,
1076 3387 1186 3449 praeter

86 3456 242 3520 Gortynam
266 3462 295 3504 et
321 3449 483 3519 Cydoniam,
510 3456 538 3505 in
569 3455 701 3507 ditionem
727 3473 802 3508 suam
821 3454 991 3522 redegerunt.
1021 3451 1074 3501 hoc
1102 3450 1186 3516 igitur

85 3523 173 3574 rnodo
193 3523 290 3586 Creta,
320 3542 373 3574 una
391 3542 425 3575 ex
449 3532 551 3592 septam
572 3524 755 3578 nobilioribus
779 3526 890 3586 insulis,
910 3524 943 3574 ab
963 3521 1088 3590 llispsnis
1106 3521 1187 3571 Sara-

87 3596 167 3645 cenis
185 3611 250 3645 occu
272 3603 316 3645 ata
341 3603 391 3646 est
422 3613 475 3645 uno
495 3613 566 3646 anno
595 3605 658 3664 post
684 3614 773 3647 rursus
791 3594 909 3647 Michael
931 3595 1079 3662 imperator
1105 3591 1187 3642 aliam

85 3666 206 3716 classem
230 3612 357 3716 alvertus
387 3664 496 3717 eosdem
513 3667 596 3728 misit,
616 3683 685 3736 quae
703 3676 794 3718 tomen
813 3665 882 3717 nihil
901 3663 1076 3716 memorabile
1095 3663 1187 3730 gessit.

86 3738 143 3786 iam
163 3736 277 3802 Agereni
297 3735 368 3791 curis
385 3736 510 3787 omnibns
529 3737 611 3787 soluti
623 3739 749 3789 vixerunt
767 3743 878 3805 tntaque
897 3735 985 3786 insula
1008 3743 1070 3786 sunt
1087 3733 1185 3802 potiti:

86 3824 121 3857 ao
140 3807 222 3857 multi
233 3805 381 3858 Christiani
401 3824 449 3874 pro
468 3825 532 3857 sana
550 3807 603 3858 lide
623 3816 715 3858 nostra
735 3808 783 3859 illo
801 3816 923 3875 tempore
941 3805 1097 3871 martyrium
1115 3803 1188 3855 tule-

88 3886 165 3928 runt.
181 3885 224 3928 est
241 3886 332 3928 autem
357 3876 424 3926 haec
447 3878 535 3928 insula
558 3887 688 3929 rnontana
707 3887 735 3928 et
760 3878 856 3929 silvosa
881 3886 962 3946 atque
981 3877 1064 3927 valles
1083 3874 1187 3926 fertiles

86 3948 191 4011 habet,
211 3956 317 4000 montes
337 3946 485 3999 altitudine
502 3949 623 4017 Taygeto
650 3966 706 3998 non
724 3949 832 4000 cedunt.
852 3947 938 4000 hahet
959 3948 1040 3999 urbes
1061 3947 1186 4013 antiquas

86 4034 174 4088 supra
191 4020 352 4083 nonaginta,
378 4027 461 4087 atque
485 4018 513 4068 in
532 4021 625 4086 primis
653 4036 763 4086 magnas
789 4027 817 4070 et
842 4019 954 4070 nobiles'
967 4027 1031 4079 tres,
1057 4017 1188 4067 Cnossum

86 4091 238 4154 Gortynam
258 4103 281 4138 et
296 4088 452 4153 Cydoniam,
473 4107 488 4139 α
507 4090 610 4153 hlinoe,
623 4089 792 4141 Cretensium
813 4105 883 4157 rege,
902 4091 949 4159 qui
966 4088 1110 4156 imperium
1131 4099 1189 4135 ma·

88 4163 126 4210 ris
148 4160 215 4210 olim
235 4160 363 4220 tenebat,
382 4168 544 4211 exstructas:
566 4161 613 4230 qui
628 4161 656 4210 iu
670 4169 725 4212 tres
739 4167 829 4230 partes
848 4160 938 4211 insula
956 4159 1055 4219 diuisa,
1077 4158 1106 4206 in
1120 4170 1189 4223 qua·

87 4231 163 4281 libet
180 4236 261 4298 parte
287 4246 367 4280 unam
387 4230 525 4293 condidit,
554 4240 583 4282 et
600 4230 732 4282 Cnossum
756 4231 868 4301 quidem
892 4246 908 4281 e
929 4230 1036 4296 regione
1054 4226 1189 4292 Pelopon-

85 4302 149 4352 nesi
171 4307 202 4351 et
228 4298 264 4350 ad
293 4301 517 4369 septentrionem.
534 4300 607 4351 hunc
630 4318 718 4369 regem
736 4300 872 4370 proditum
892 4309 933 4351 est
947 4299 1063 4368 primum
1083 4294 1189 4347 Cretam

86 4373 178 4424 literis
200 4368 351 4421 excoluisse
369 4379 397 4422 et
417 4369 524 4439 legibus
536 4371 657 4423 studiose
669 4371 839 4423 moderatum
861 4387 934 4422 esse:
956 4367 1029 4419 sande
1046 4374 1128 4436 poeta
1146 4364 1189 4416 dt·

83 4445 145 4497 cit:
164 4439 298 4513 “propter
317 4457 447 4494 summam
475 4442 607 4496 iustitiam
626 4442 715 4496 ldinos
741 4450 770 4496 et
796 4439 1030 4504 Rhadamanthus,
1048 4438 1189 4494 Cretenses
