2844 5092
208 256 292 357 sil
521 277 694 342 ononou
726 279 968 345 rnnsnmsa

207 434 289 522 πηγῷ
309 433 365 495 καί
385 432 430 504 τίς
451 424 553 492 πάντα
583 431 668 514 καληῖ
688 434 743 492 καί
762 431 939 520 ότιιτηδείηι,
960 428 1039 516 πρός
1063 429 1099 496 δν
1122 436 1176 498 καί
1197 431 1213 495 ό
1239 438 1299 515 βα-

207 531 317 608 σιλεός
349 525 449 594 πολλά
481 530 612 610 θαρρῶν
640 523 680 611 ἦν
709 527 763 594 διά
785 529 841 614 τὴν
860 533 1058 616 γενναιότητα
1082 536 1138 597 καί
1165 535 1299 616 α’νδρίαν

208 633 264 699 καί
283 632 398 713 τόλμην
419 627 542 709 aizoi,
572 628 668 715 ε’δόθη
689 628 741 693 ἵνα
768 628 847 709 μετά
867 636 1075 714 τετρακοσίων
1094 635 1301 714 στρατιωτῶν

203 734 334 801 Ἰταλῶν
356 751 391 792 τε
412 729 467 791 καί
490 727 656 807 Ῥωμαίων
678 726 821 814 φυλάττῃ
850 732 884 794 ἐν
904 741 970 804 τοῖς
989 735 1098 813 μέρεσι
1122 736 1177 814 τῆς
1198 729 1301 814 πάλης

208 835 266 898 τοῦ
287 830 378 912 άγίου
395 828 574 909 Ῥωμανοό,
594 821 674 891 iinon
697 826 726 892 ni
745 827 879 912 Τοάρνοι
903 836 1011 893 νιλεῐον
1032 832 1095 895 τάν
1116 824 1221 895 άλλων
1240 833 1331 909 ire-5

209 932 274 1014 ρῶν
291 928 463 1011 ἐμάχοντο·
515 929 571 991 καί
597 924 654 1010 τήν
681 924 822 1008 ἑλεβόλιν
848 927 906 1011 την
924 927 1063 1013 μεγάλην
1082 932 1137 994 καί
1156 929 1214 1014 τη”ν
1232 932 1301 993 ἐλε-

207 1032 296 1113 βόλιν
316 1033 350 1094 ἐν
367 1030 496 1103 ἐκείνοις
514 1034 579 1100 τοῖς
599 1029 728 1109 μέρεσιν
743 1025 877 1110 ἔστησαν
898 1026 952 1093 διά
972 1026 1007 1092 τό
1031 1023 1113 1093 εἶναι
1134 1029 1189 1094 τόν
1208 1027 1302 1094 τόνιον

207 1124 384 1213 ἐπιτήδειον
411 1124 489 1210 πρὸς
514 1122 548 1191 τό
579 1131 758 1210 πολιορκεῖν
787 1125 827 1190 τά
857 1130 946 1210 τείχη
977 1131 1034 1192 καί
1058 1126 1115 1210 τήν
1135 1130 1228 1193 πόλιν
1247 1128 1303 1193 καί

209 1225 264 1293 διά
287 1225 323 1290 τό
338 1222 424 1290 ἐἶναι
454 1229 509 1288 καί
529 1223 584 1288 τόν
615 1225 745 1308 άμηριῖν
767 1225 916 1310 ἄντικρὺς
936 1230 1164 1310 ἐσκηνωμένον.
1218 1230 1300 1291 Θεο.

210 1326 302 1414 διόρηι
324 1327 359 1388 δὲ
378 1325 421 1408 τῷ
442 1325 476 1386 ἐκ
503 1319 693 1404 Καρύστου,
723 1324 820 1408 άνδρί
850 1328 1021 1410 πολεμιστῇ
1041 1327 1098 1389 καί
1119 1327 1300 1413 δραστηρίῳ
1314 1352 1352 1393 ro

210 1429 265 1490 καί
280 1420 387 1509 τοξότῃ
410 1421 570 1508 ἠσκημένην
598 1420 679 1502 ὑπὲρ
702 1415 890 1504 ἄνθρωπον,
912 1427 967 1487 κατ’
989 1420 1116 1511 Ἰωάννῃ
1136 1426 1167 1488 Γ
1165 1429 1301 1512 ερμανηῖ,

211 1522 308 1604 ἀνδρί
326 1521 381 1596 τάς
393 1523 450 1585 τοῦ
469 1525 608 1598 πολέμου
622 1519 771 1603 μηχανάς
791 1524 894 1598 καλῶς
914 1518 1021 1603 είδότι,
1045 1523 1144 1605 ἐδόθη
1164 1525 1216 1587 ἵνα
1237 1549 1302 1609 φυ·

212 1622 365 1686 λάττωσιν
386 1623 420 1683 λν
440 1628 505 1694 τοῖς
524 1620 635 1699 μέρεσι
656 1626 721 1692 τοῖς
745 1623 975 1701 Καλυγαριόις.
1028 1619 1045 1683 ό
1068 1624 1103 1686 δὲ
1118 1621 1304 1704 Ἱερώνυμος

212 1723 269 1785 arni
284 1719 469 1801 Λεονάρδος
488 1714 518 1780 οἱ
542 1723 733 1800 Λιγουρῖται
758 1720 811 1781 ἵνα
832 1719 1036 1803 φυλάττωσιν
1055 1724 1171 1797 ἐντοῖς
1190 1723 1303 1805 μέρεσι

211 1823 267 1902 τῆς
287 1815 387 1902 πάλης
406 1822 460 1898 τῆς
479 1818 645 1898 λεγομένης
658 1819 793 1900 ξυλίνης.
835 1822 880 1904 τῷ
903 1821 939 1882 δὲ
958 1822 1131 1908 καρδενάλῃ
1149 1821 1303 1896 Ῥωσσίας
1317 1827 1354 1889 re

213 1921 309 2002 ἐδόθη
329 1919 382 1982 ἳνα
414 1912 558 2002 φυλάττῃ
591 1916 625 1978 ἐν
645 1923 709 1989 τοῖς
727 1920 839 1998 μέρεσι
867 1921 926 1980 τοῦ
948 1921 1146 2001 Κυνηγεσίου
1168 1924 1223 1982 καί
1243 1923 1305 1994 ἕως

212 2021 271 2083 τοῦ
292 2017 383 2100 άγίου
403 2017 597 2100 Δημητρίου.
640 2011 657 2076 ό
684 2017 720 2079 δὲ
743 2021 842 2098 μέγας
864 2015 941 2094 δοόξ
962 2021 1093 2090 Λουκᾶς
1113 2018 1129 2080 ό
1156 2021 1305 2098 Νοταράς

213 2119 267 2183 ira
288 2114 431 2203 φυλάττῃ
452 2118 485 2178 ἐν
505 2124 569 2191 τοῖς
592 2117 703 2198 μέρεσι
732 2119 789 2178 τοῦ
809 2120 955 2197 Πετρίου
977 2117 1032 2180 καί
1051 2121 1110 2192 ἓως
1127 2119 1183 2201 τῆς
1203 2115 1306 2201 ιιάλης

131 2213 1306 2305 ,τμψὼωηωῶωψωῲώψῌῂ

213 2317 346 2400 γομόνης
363 2314 483 2391 ὡραίας
512 2313 685 2400 φυλάττειν
710 2313 895 2398 οόρίσθησαν
921 2313 949 2380 oi
970 2319 1084 2380 ναῦται
1105 2320 1161 2380 καί
1179 2313 1208 2380 οἱ
1228 2313 1357 2384 rusi-ao

213 2422 323 2499 κληροι
351 2418 406 2478 καί
433 2415 631 2496 κυβερνῆται,
660 2411 717 2489 σός
745 2408 831 2494 εζχεν
854 2410 873 2497 ἦ
893 2416 972 2489 νοός
992 2408 1012 2498 ἢ
1033 2418 1068 2478 ἐκ
1088 2421 1144 2497 τῆξ
1162 2415 1302 2500 linitae

214 2517 265 2599 (4)
297 2517 341 2602 τῷ
361 2514 397 2577 δὲ
416 2516 448 2578 Γ
445 2511 562 2596 αβριηλ
588 2508 763 2600 Τριβιζάνφ
788 2515 832 2600 τῷ
850 2517 912 2577 τῶν
928 2512 1056 2580 ‘Evam
1073 2513 1228 2600 τριήρεων
1248 2539 1307 2578 να-

214 2614 349 2702 οετανίιρ
359 2612 438 2694 μετά
456 2611 511 2675 καί
530 2607 645 2697 ἑτέρων
663 2612 789 2697 άνδρῶν
816 2610 1001 2693 πεντήκοντα
1015 2613 1111 2700 ε’δόθη
1134 2611 1307 2702 φυλάττειν

286 2791 312 2843 6.
331 2789 507 2856 τηλέρολονΡ
601 2804 639 2839 το.
658 2788 942 2912 δραστηρινωτάτριλ)
1049 2791 1089 2848 13.
1107 2792 1164 2851 τεόν
1181 2796 1307 2867 καλυγα-

287 2865 357 2933 ρίων
375 2862 394 2912 Ρ
476 2863 513 2913 ι6.
534 2863 656 2932 κυνηγοῦ
790 2876 833 2912 aa.
854 2861 970 2935 ἄρχοντι
988 2862 1009 2914 Ρ

216 3031 301 3085 hanni
329 3028 500 3094 Iustiniana,
528 3028 592 3081 διιεῖ
613 3047 716 3082 summo
743 3037 771 3081 et
800 3029 955 3102 ubicunque
974 3039 1039 3102 apto
1070 3041 1098 3085 et
1116 3031 1233 3096 idoneo,
1261 3035 1307 3086 cui

216 3105 363 3174 imperator
380 3108 493 3172 propter
510 3116 669 3170 generosum
685 3100 821 3164 animum,
841 3102 1028 3154 fortitudinem
1049 3112 1077 3155 et
1094 3103 1233 3155 audaciam
1243 3105 1310 3175 plu·

216 3176 313 3226 rimnrn
332 3170 495 3237 confidebat,
508 3172 564 3223 dati
578 3179 642 3224 sunt
663 3170 852 3242 quadringenti
871 3173 971 3224 milites
989 3173 1050 3226 itali
1069 3176 1225 3235 elliomani.
1244 3177 1311 3246 qui.

217 3244 331 3296 huncum
349 3244 483 3310 regionem
512 3241 547 3293 ad
577 3250 683 3312 portam
712 3243 797 3294 sancti
820 3245 930 3295 Rornanl
955 3244 1118 3308 defensaret,
1136 3245 1182 3297 ubi
1201 3245 1310 3299 Tureae

218 3315 315 3376 acrius,
333 3329 412 3382 quarn
423 3314 451 3365 in
472 3313 584 3383 reliquls
598 3313 675 3377 lucis,
693 3312 853 3383 pugnabant
869 3321 1076 3386 nutrieruntque
1093 3333 1212 3386 magnam
1229 3317 1308 3369 illurn

218 3381 382 3454 helepolim,
400 3392 542 3454 propterea
562 3384 635 3454 quod
661 3384 684 3435 is
701 3385 777 3436 locus
797 3383 832 3436 ad
852 3385 1032 3455 oppugnanda
1051 3390 1157 3438 moenia
1182 3389 1310 3458 inprimis

218 3453 375 3506 commodus
404 3462 433 3505 et
453 3456 599 3507 tentorium
618 3471 723 3506 nmerae
747 3470 762 3504 e
781 3456 890 3523 regione
909 3463 974 3508 erat.
1010 3456 1155 3509 'l'heodoro
1174 3457 1308 3526 Carystio,

217 3526 277 3576 viro
301 3522 433 3576 bellicoso
458 3533 486 3576 et
510 3532 637 3588 strenuo,
664 3540 695 3576 ac
720 3526 858 3593 sagittario
879 3527 959 3596 longe
981 3529 1217 3595 exercitatissimo,
1240 3531 1308 3582 ilem

217 3594 335 3648 lolianni
354 3595 501 3656 Germano,
517 3596 700 3648 machinarum
717 3595 875 3647 bellicarum
895 3598 990 3650 artifici
1008 3601 1118 3667 perito,
1136 3600 1208 3668 regio
1226 3599 1309 3668 Caly.

219 3666 355 3737 gariorum
379 3664 551 3716 defendenda
569 3675 635 3719 erat.
676 3666 839 3732 Hieronymo
858 3674 886 3718 et
904 3668 1045 3720 Leonardo
1066 3670 1208 3738 Liguribus
1227 3679 1307 3740 porta

219 3737 360 3790 commissa
387 3743 445 3797 est,
472 3750 542 3805 quae
568 3752 583 3787 a
607 3737 682 3804 ligno
710 3752 809 3788 nomen
830 3736 921 3789 habet
943 3739 1074 3790 cardinali
1098 3742 1206 3793 ilossine
1232 3742 1309 3812 regio

219 3809 294 3878 Cyne
313 3805 360 3859 esil
376 3805 410 3856 ad
428 3814 553 3858 sunctum
582 3823 667 3876 usque
685 3805 850 3858 Demetrium
878 3808 941 3860 slata
961 3817 1009 3861 est.
1028 3827 1140 3878 magnus
1162 3811 1234 3875 dux,
1253 3814 1311 3865 Lu·

220 3895 264 3933 eas
308 3885 403 3937 otaras,
423 3877 557 3946 regionem
577 3876 641 3928 inde
667 3877 787 3929 aPetrio
813 3894 896 3948 usqne
917 3877 950 3929 ad
970 3890 1195 3950 portamranetae
1212 3882 1311 3934 Theo·

221 3949 314 4003 ‹lusiae
332 3946 443 4018 accepit
464 3945 497 3998 ad
518 3955 635 4017 portum,
662 3948 707 3998 eui
722 3964 821 4000 nomen
846 3951 955 4020 pulcrae
983 3959 1038 4013 est,
1058 3960 1165 4013 nautae,
1186 3954 1326 4004 naucleriv

222 4030 251 4073 et
268 4020 461 4089 gubernatores
485 4019 575 4082 navis,
600 4033 670 4087 quae
698 4019 809 4070 eCreta
835 4028 960 4083 venerat,
980 4024 1119 4073 constituti
1138 4031 1224 4074 erant.
1268 4023 1311 4096 (l)

222 4090 341 4143 Gabrieli
361 4087 521 4150 Tribizann,
546 4085 710 4139 Venetorum
736 4090 880 4142 triremium
904 4091 1053 4162 praelecto,
1083 4100 1111 4143 et
1137 4092 1197 4144 allis
1225 4094 1310 4164 qsrln·

222 4163 350 4234 quaginta
368 4162 432 4215 slus
453 4159 487 4212 ad
508 4159 655 4213 custodiam
681 4160 815 4230 assignata
848 4170 890 4215 est
916 4166 995 4215 turris
1021 4164 1050 4216 in
1072 4162 1310 4226 mediatricem
