2760 5092
238 272 323 357 29⁰
552 268 727 334 cronon
756 269 998 333 mmmmm

234 419 292 494 καί
317 420 445 506 ιῦραίων
475 419 682 505 ιῦραιότερον·
736 412 777 483 οῦ
799 416 919 483 ἔσωθεν
937 423 999 484 τοῦν
1021 416 1149 486 εἰδότων
1169 419 1225 486 καί
1245 416 1327 487 ῦνω-

233 525 292 586 θεν
313 523 376 586 τῶν
396 523 634 604 θυσιαστηρίου
663 521 717 582 καί
737 521 901 600 τραπεζῶν
923 514 1035 602 ἤσθιον
1063 523 1118 584 καί
1135 519 1250 601 ἔπινον,
1273 526 1328 586 καί

232 618 292 695 τός
322 614 461 702 όσελγεῖς
480 617 608 702 γνοόμας
642 620 698 682 καί
716 619 833 700 ὀρέξεις
864 618 969 683 αῦτοῦν
997 620 1076 700 μετὰ
1094 623 1253 703 γυναικῶν
1272 625 1327 685 καί

233 721 401 802 παρθένων
428 719 483 783 καί
507 720 630 784 παίδων
649 715 811 783 ε’πόνοοθεν
839 719 968 784 ἐποίουν
992 719 1048 781 καί
1068 715 1234 804 ἔπραττον.
1277 725 1325 796 τίς

231 814 277 900 μὴ
298 819 444 905 θρηνήσῃ
467 842 520 899 σε,
541 812 611 901 δ’γιε
630 819 705 897 ναές
726 818 783 880 καί
809 819 975 900 πανταχοῦ
996 820 1058 883 πιῖν
1079 815 1174 882 κακόν
1191 812 1248 902 ἦν,
1272 817 1351 885 καὶὸ

232 920 320 980 πᾶσα
341 914 462 1000 κεφαλή
478 909 575 1000 ἤλγει.
618 919 653 982 ἐν
673 914 767 992 οἴκοις
780 919 894 1000 θρῆνοι
915 915 971 980 καί
989 917 1163 998 κλαυθμοί,
1183 921 1218 981 ἑν
1236 915 1325 1001 τριδ-

232 1019 298 1090 δοις
320 1016 465 1098 όδυρμοί,
478 1003 523 1082 ’ἐν
545 1025 631 1090 ναοῖς
645 1017 833 1101 δλοφυρμοί,
856 1009 980 1099 όνδροῦν
1001 1016 1145 1098 οἰμωγαί,
1166 1018 1325 1099 γυναικοῖν

230 1113 380 1197 δλολυγαί
399 1111 552 1196 ἑλκυσμοί
570 1115 824 1197 ἀνδραποδισμοί
837 1112 1039 1196 διασπασμοί
1048 1137 1083 1179 τε
1104 1118 1160 1179 καί
1177 1117 1321 1198 βιασμοί.

231 1211 262 1276 οἱ
282 1216 391 1292 σεμνοί
412 1217 455 1301 τῷ
476 1218 560 1298 γένει
582 1214 703 1296 α’τίμως
724 1215 892 1298 περιῆσαν,
918 1210 948 1277 οῖ
967 1209 1111 1277 πλοόοιοι
1133 1208 1265 1279 ἇνόσιοι.
1288 1212 1325 1279 αἶ
1360 1242 1364 1251 ’

230 1321 391 1395 πλατεῖαι,
412 1311 446 1377 ul
469 1316 581 1397 γωνίαι
603 1311 805 1377 κατειπόντα
826 1309 923 1377 τόπον
948 1315 1115 1394 πανταχοῦ
1136 1315 1247 1377 πασιῦν
1265 1338 1323 1377 κα·
1337 1336 1373 1377 ιο

228 1416 306 1495 ιιιοῦν
325 1405 364 1496 ἦν
386 1411 521 1495 ἔμπλεα·
563 1411 667 1488 οῦδέίς
687 1409 780 1488 τόπος
801 1408 1039 1495 α’νεξερεῦνητος
1060 1406 1081 1494 ἢ
1099 1403 1217 1487 ῦουλος
1236 1409 1325 1494 ἔμει-

220 1519 291 1600 νεν,
347 1503 373 1576 ό
398 1516 518 1595 Χριστὲ
535 1515 678 1595 βασιλεῦ,
705 1514 760 1593 τῆς
780 1508 850 1575 τότε
869 1512 1013 1590 θλίψεως
1033 1509 1091 1574 καί
1107 1515 1325 1596 στενοχωρίας

228 1615 334 1674 πᾶσαν
354 1607 445 1674 πόλιν
467 1613 524 1675 καί
540 1607 665 1696 χιόραν,
697 1607 736 1694 ἢν
759 1611 898 1676 οἰκοῦσιν
918 1608 948 1673 οἱ
969 1612 1170 1694 Χριστιανοί,
1193 1613 1327 1678 ε’λενθὲ·

228 1731 340 1792 ρισσον.
389 1711 445 1773 καί
471 1707 575 1774 πόντα
605 1713 704 1793 κῆπον
732 1711 787 1774 καί
811 1703 894 1774 οἶκον
915 1708 945 1773 οἱ
974 1711 1100 1791 α’σεβεῖς
1130 1712 1188 1775 οῦκ
1208 1711 1325 1778 εἴασαν

228 1807 418 1892 α’νιόρυκτον,
439 1811 491 1872 ἵνα
510 1806 550 1874 τό
575 1811 777 1890 κεκρυμμένα
803 1808 956 1893 χρήματα
977 1805 1117 1892 εῦροοσι·
1160 1813 1215 1874 κατ’
1233 1812 1374 1880 ulei-15

226 1929 311 1970 οτεον
329 1910 388 1986 μὲν
406 1910 484 1972 νέων
495 1910 671 1991 θησαυρῶν
689 1912 745 1973 καί
764 1909 908 1973 παλαιῶν
927 1906 984 1974 καί
1001 1903 1119 1994 ἑτέρων
1138 1912 1325 1991 πολυτίμων

227 2005 428 2089 πραγμάτων
442 2005 586 2091 εὑρόντες
606 2006 871 2092 ἐνεπλήσθησαν,

197 2139 219 2190 B
312 2107 343 2170 9.
381 2105 437 2182 Ὡς
458 2100 516 2171 οῦν
533 2107 552 2191 ἦ
568 2108 659 2183 πόλις
681 2104 774 2187 edim,
797 2104 815 2170 ὅ
837 2106 964 2190 ἆμηριῖς
984 2103 1074 2171 ἔνδον
1092 2102 1247 2171 εἰσελθών
1267 2099 1324 2169 τῦ·

227 2203 291 2281 θῦς
312 2202 397 2294 πόσῃ
418 2208 543 2294 σπουδῇ
565 2204 692 2290 ζήτησιν
706 2208 805 2271 ε’ποίει
823 2207 898 2291 περὶ
916 2208 976 2269 τοῦ
993 2209 1159 2289 βασιλέως,
1181 2202 1216 2281 δς
1237 2204 1321 2270 κατεῖ

228 2307 304 2370 νοῦν
325 2297 421 2370 ἄλλον
440 2304 499 2373 οῦκ
520 2307 676 2389 ἐλογίζετο
699 2309 730 2371 εἰ
747 2303 791 2389 μῦ
812 2304 907 2388 μόνον
919 2309 1041 2393 μαθεῖν
1058 2308 1090 2370 εἰ
1108 2307 1146 2390 ζῇ
1167 2298 1188 2387 ἢ
1207 2307 1371 2388 sidem-ao

227 2427 280 2467 κεν
301 2402 318 2467 δ
344 2403 505 2486 βασιλεῦς.
558 2409 614 2469 καί
631 2409 713 2481 τινὲς
741 2409 800 2487 μὲν
820 2401 966 2480 ἐλθόντες
987 2402 1094 2486 ἔλεγον
1115 2399 1162 2467 ότι
1184 2400 1322 2488 ἔφυγεν,

228 2495 318 2568 ἄλλοι
345 2508 380 2569 δὲ
400 2507 434 2569 ἐν
455 2506 495 2591 τῇ
516 2505 606 2568 πόλει
624 2502 731 2587 ἔλεγον
751 2499 833 2569 εἶναι
852 2506 1076 2585 κεκρυμμένον,
1099 2494 1190 2565 ῦλλοι
1214 2504 1250 2566 δὲ
1270 2526 1322 2565 τε-

226 2599 345 2683 θνάναι
367 2601 558 2686 μαχόμενον.
597 2608 653 2668 κατ’
678 2606 780 2692 θέλων
804 2604 1002 2686 πιστωθῆναι
1031 2603 1161 2687 derecte
1180 2597 1322 2666 ἔστειλεν

299 2795 339 2850 ¹9·
359 2773 391 2840 ὃς
408 2796 451 2830 om
468 2778 489 2830 P

225 2941 296 2992 taris
313 2956 463 2993 semensas
483 2938 597 2991 ederent
613 2955 645 2990 ae
662 2937 799 3000 biberent,
819 2945 847 2990 et
864 2939 980 2989 incestas
999 2936 1162 3006 cupiditates
1182 2944 1212 2988 et
1222 2935 1318 2987 libidi-

225 3028 274 3063 nes
293 3028 354 3064 siras
376 3028 436 3063 eom
457 3010 583 3072 seminis,
614 3010 764 3079 virginibus
790 3018 819 3061 et
837 3010 928 3078 pueris
947 3017 1112 3060 exercerent.
1138 3008 1200 3076 quis
1217 3016 1244 3058 te
1261 3025 1317 3058 non

226 3082 328 3151 lugeat,
344 3082 473 3151 templum
484 3080 693 3133 sanctissimum!
712 3079 813 3150 ubique
827 3081 965 3132 calamitas
984 3088 1042 3131 erat
1060 3087 1088 3130 et
1105 3076 1217 3128 dolebat
1234 3093 1317 3128 omne

226 3163 315 3223 eaput.
334 3154 362 3204 in
383 3153 508 3204 domibus
534 3152 654 3204 lamenta
681 3152 819 3215 miletus,
845 3152 874 3202 in
898 3150 984 3202 triviis
1003 3150 1136 3219 planctus,
1156 3149 1185 3198 in
1204 3148 1317 3216 templis

226 3224 324 3287 luctus,
341 3225 458 3276 virorum
478 3223 601 3290 gemitus,
620 3222 763 3274 mulierum
780 3223 910 3283 ululatus,
928 3221 1052 3289 rapinae,
1069 3218 1255 3287 captivitates,
1273 3219 1317 3268 in·

228 3293 397 3345 saltationes.
425 3310 522 3362 genere
548 3293 656 3346 nobiles
678 3294 807 3345 contemti
827 3301 912 3355 erant,
936 3291 1034 3343 divites
1053 3289 1138 3358 impii.
1157 3288 1266 3358 plateae
1288 3296 1318 3339 et

228 3364 321 3430 anguli
338 3364 439 3433 ubique
459 3365 533 3416 omni
551 3365 682 3416 maiorum
700 3379 799 3431 genere
817 3361 1023 3428 redundabant;
1041 3362 1133 3412 nullus
1151 3360 1226 3410 locus
1249 3366 1316 3419 erat,

228 3451 309 3503 quem
330 3451 386 3486 non
405 3443 586 3487 scrutarentur
603 3444 632 3487 et
649 3435 809 3505 expilarent.
830 3433 937 3485 Christe
955 3450 1011 3494 rex,
1029 3431 1063 3482 ab
1081 3431 1139 3490 ilia,
1157 3445 1239 3498 quam
1258 3437 1316 3480 mm

228 3505 334 3572 experti
351 3522 449 3566 sumus,
469 3506 578 3557 miseria
601 3514 629 3558 et
648 3506 801 3557 calamitate
820 3520 926 3556 omnem
947 3503 1041 3554 urbem
1060 3511 1089 3553 et
1105 3509 1221 3562 terramR
1233 3517 1316 3571 quam

226 3575 374 3626 Christiani
401 3575 543 3638 habitant,
561 3584 662 3628 tueare.
689 3576 780 3627 nullos
800 3574 903 3637 hortos,
927 3574 1004 3625 nulla
1023 3570 1160 3624 domicilia
1178 3587 1234 3621 nou
1254 3586 1316 3639 per-

226 3644 372 3715 quirebant
392 3646 477 3714 impii,
496 3654 526 3697 ut
542 3648 682 3715 pecuniam
703 3644 823 3696 abditam
841 3645 1005 3713 reperirent:
1027 3660 1059 3694 ae
1074 3642 1197 3693 maximis
1216 3642 1314 3692 inven-

226 3718 262 3767 tis
289 3715 439 3779 thesauris,
467 3714 580 3768 vetustis
604 3725 633 3770 et
659 3717 745 3778 noris,
764 3725 846 3785 atque
866 3715 926 3766 aliis
953 3713 1033 3766 rebus
1057 3713 1185 3784 pretiosis
1207 3711 1315 3782 impleti

226 3795 297 3839 sunt.
1081 3825 1083 3829 .

237 3859 239 3865 '
295 3873 322 3924 9.
359 3855 443 3924 Capta
470 3856 553 3924 igitur
568 3855 651 3920 urbe,
672 3869 790 3917 amerus,
811 3871 871 3906 earn
892 3854 1043 3923 ingressus,
1062 3853 1261 3907 studiosissime
1279 3850 1314 3903 de

226 3928 388 3997 lmperatore
406 3926 565 3996 qsraerebat,
582 3943 632 3977 nee
649 3925 798 3995 quidquam
816 3926 955 3995 antiquius
973 3924 1102 3987 habebat,
1117 3941 1198 3996 qnam
1217 3933 1249 3976 nt
1266 3938 1314 3974 εο-

227 4007 383 4066 gnosceret,
402 3999 541 4049 viveretne
567 4012 602 4048 an
619 3993 767 4048 interiisset
791 3996 946 4065 imperator.
968 4005 1049 4066 atque
1067 4011 1129 4048 eum
1148 3995 1197 4047 alii
1212 3994 1314 4064 fugisse

227 4068 362 4132 dicebant,
379 4069 428 4120 aiii
446 4070 475 4119 in
494 4066 561 4119 urbe
580 4067 696 4129 latitare,
714 4067 760 4116 alii
780 4067 886 4133 proelio
906 4067 1074 4119 occubuisse.
1094 4068 1187 4135 itaque
1205 4075 1238 4117 ut
1259 4080 1314 4115 rem

226 4148 299 4192 eertn
316 4147 505 4210 cognosceret,
537 4139 626 4204 misit,
651 4136 700 4190 ubi
726 4137 940 4191 Christianorum
965 4145 995 4202 et
1022 4138 1167 4208 impiorum
1184 4134 1316 4192 esdram
