2760 5092
432 602 509 663 uu.
529 602 583 663 ιν.
618 598 708 664 ctu.
730 603 770 663 ιι.
1060 571 1145 658 ³23

54 746 328 842 pituitariam&
360 752 455 814 τοῦτο
480 749 541 830 μὲν
570 744 653 831 ήμᾶς
670 751 876 835 μέμφονται,
897 747 952 814 καί
970 751 1068 836 σοφοί
1085 753 1149 815 εἰσι
1233 825 1236 838 Ι

53 854 171 928 πάντες
196 852 255 916 τοῦ
283 851 467 931 νουθετεῖν,
504 842 622 923 nicosie
649 849 686 914 tt
713 843 952 933 ἁμαρτάνοντας
988 841 1025 914 osi
1054 846 1149 934 ysaci-

54 974 178 1021 σκουαι.
744 938 748 950 ’

143 1053 172 1115 2.
196 1044 265 1115 Ἐπί
276 1043 338 1130 τήν
358 1043 515 1128 ἡμετέραν
538 1035 595 1109 οὖν
611 1043 754 1130 διήγησιν
772 1048 1004 1128 ἐπανέλθωμεν.
1025 1042 1082 1111 iuis
1102 1067 1151 1123 τις

27 1145 174 1236 ὄαίτήση
188 1152 223 1213 τι’
241 1144 276 1211 τό
300 1147 446 1229 πραχθέν
465 1143 553 1226 παρὰ
573 1148 631 1208 τοῦ
649 1148 806 1227 βασιλέως
824 1147 868 1233 τῷ
888 1144 943 1209 διαὶ
959 1149 1057 1228 μέσον
1076 1170 1151 1211 ιιαι.

40 1254 106 1337 pagi
122 1252 177 1331 τής
190 1238 315 1330 μάχης,
337 1242 417 1308 εἴποι
430 1237 525 1331 αὐτῷ,
547 1245 583 1308 έν
603 1235 630 1332 spi
651 1244 691 1328 δή
708 1242 812 1332 χρόνῳ
832 1249 889 1310 καί
906 1247 1008 1331 καιρῷ
1030 1244 1150 1329 όάμη-

59 1351 120 1431 ροῖς
142 1341 394 1428 παρεσκευάζετο
416 1345 471 1407 καί
489 1342 548 1426 τήν
565 1343 718 1426 βοήθειαν
737 1346 889 1428 ε’ποιήσαν
908 1341 937 1409 οἰ
952 1341 1070 1423 ἔξωθεν
1089 1345 1152 1410 ου’·

57 1451 170 1511 θένται
191 1442 222 1507 οἱ
243 1443 441 1524 Χριστιανοί.
491 1445 546 1505 καί
568 1446 630 1505 ταῖν
650 1445 710 1523 μέν
728 1443 964 1527 περικύκλωθεν
986 1442 1151 1509 αάθέντιον

62 1547 265 1628 Χριστιανῶν
293 1540 387 1625 δήλόν
408 1543 477 1606 ἐστι
503 1549 567 1616 τοῖς
596 1539 694 1606 πᾶσιν
715 1543 829 1624 οὐδέν,
851 1536 931 1608 ἀλλά
956 1546 1078 1622 μᾶλλον
1098 1546 1154 1607 καὶ

12 1678 52 1719 10
62 1643 142 1727 πρός
162 1641 218 1706 τόν
237 1645 293 1725 τής
315 1640 450 1722 Σερβίας
475 1641 633 1724 αὐθέντην
655 1644 685 1705 Γ
683 1639 813 1725 εάργιον
831 1646 972 1726 πρέσβυν
992 1641 1009 1705 ό
1030 1636 1154 1724 ἀμερεῖς

61 1742 260 1820 ἀπέστειλεν,
290 1741 344 1803 ἵνα
369 1734 537 1824 μεσιπεόσῃ
568 1737 643 1822 περί
660 1742 715 1823 τής
742 1740 868 1826 εἰρήνης
887 1744 945 1825 τῆς
967 1723 1151 1829 ἀυαμεταξό

61 1843 126 1905 τῶν
149 1837 321 1920 Ου’γγάρων
353 1839 409 1900 καί
433 1839 491 1900 τοῦ
511 1837 628 1921 ἀμηρά.
679 1836 759 1919 μετὰ
788 1841 824 1904 δὲ
853 1840 913 1903 τοῦ
933 1841 1152 1922 ἀπερχομένου

61 1939 220 2021 πρέσβεας
230 1932 423 2019 Χριστιανός
438 1958 484 2009 τις
503 1937 718 2018 γραμματικὸς
733 1930 782 2021 ήν,
804 1939 1045 2020 ἀνατεθειμένος
1064 1932 1153 2022 παρά

62 2059 158 2101 τινοιν
178 2036 326 2120 Τοάρκων
346 2038 410 2099 τεόν
422 2038 478 2117 τῆς
496 2038 617 2118 βουλῆς
630 2039 728 2101 εἰπεῖν
747 2040 792 2125 πρό
812 2034 1018 2125 δεσπότηίνα
1038 2034 1154 2124 ποιήσῃ

16 2149 54 2211 15
65 2134 223 2217 ἀναβολήν
237 2136 282 2210 εἰς
295 2132 352 2217 τήν
365 2133 502 2218 ἀγάπην,
526 2129 576 2197 ότι
597 2134 655 2207 ἐὰν
670 2140 797 2220 γένηται
811 2135 831 2219 ἦ
851 2135 932 2217 μετὰ
952 2138 1014 2201 τεόν
1030 2137 1155 2218 Ου’γγά-

63 2258 129 2319 ρων
140 2231 282 2317 συνθήκη
301 2235 356 2316 τῆς
376 2229 500 2317 α’γάπης
520 2227 591 2318 ήτοι
612 2234 748 2319 εἰρήνης,
770 2233 871 2310 εάθός
892 2234 910 2299 ό
926 2240 1065 2317 Τοῦρκος
1077 2233 1156 2298 κατὰ

63 2337 121 2416 τῆς
144 2330 509 2408 Κωνσταντινουπόλεως
528 2335 780 2416 ιιαθορμήσεται.
804 2332 946 2410 κάκεῖνος
967 2335 1023 2399 οὖν
1042 2332 1158 2420 ἑφρόν·

63 2455 131 2497 τισε
152 2433 227 2515 περὶ
247 2429 359 2496 τούτου
386 2424 459 2495 urire
481 2428 590 2511 ἔμελεν
611 2430 720 2518 αὐτῷ,
742 2432 800 2496 οὖν
819 2431 912 2508 ricinia
934 2431 951 2496 ri
972 2427 1085 2509 ἅθλιος
1107 2427 1158 2496 ότι

62 2533 95 2596 εἰ
114 2533 282 2617 ἀφαιρεθῇ
304 2528 322 2613 ή
344 2531 465 2615 κεφαλή
484 2533 540 2594 τοῦ
560 2529 706 2611 σώματος
725 2528 766 2595 τὰ
786 2533 868 2615 μέλη
888 2533 952 2595 εἰσί
969 2531 1074 2616 νεκρά.

14 2663 54 2704 20
151 2630 227 2695 Τότε
257 2621 313 2694 οὖν
340 2631 396 2692 καί
425 2632 459 2694 έν
488 2633 527 2717 τῇ
541 2627 660 2719 Ἓνετίρι
690 2634 806 2715 βουλῆς
834 2626 972 2715 μεγάλης
991 2631 1157 2713 γενομένης

62 2731 138 2812 περὶ
156 2724 267 2793 reiron
293 2721 408 2812 ἀνέστη
430 2723 446 2789 ό
469 2733 513 2815 τῷ
532 2728 603 2792 τότε
624 2733 725 2817 καιρῷ
746 2727 831 2808 δοόξ,
852 2720 993 2810 τοῦνομα
1016 2728 1157 2810 Φραγιιί-
1198 2730 1199 2733 ’

62 2825 347 2911 caecilianumque,
368 2829 467 2909 λέγων
485 2827 548 2890 “uri
567 2834 636 2893 κατ’
656 2821 785 2911 ἄγνοιαν
803 2826 864 2911 γὰρ
886 2826 904 2892 ό
923 2825 1072 2910 βασιλευς
1089 2827 1154 2892 Ἰω-

63 2927 161 3013 ἀννης
180 2922 292 3012 ὥριζεν
314 2926 425 3010 ήμάς.”
473 2925 554 2992 ἀλλά
581 2930 637 2993 καί
658 2922 750 2993 ἄλλοι
771 2925 800 2993 οἱ
826 2924 948 3006 ἰδόντες
968 2931 1023 2992 καί
1045 2925 1157 3012 όμιλή-
1237 2967 1242 2985 ·

134 3122 160 3173 ρ
179 3100 223 3157 ὅτι
232 3100 331 3225 Ρον’ἀὲν
349 3103 507 3173 ἐβοήθησαν
525 3104 545 3155 Ρ
666 3120 703 3156 ιο.
724 3101 856 3177 οάγκρῶν
873 3103 893 3156 Ρ
990 3120 1033 3157 aa.
1052 3104 1155 3177 Σφοό-

134 3192 216 3247 παρις

60 3338 218 3408 rituperent
237 3343 266 3389 et
283 3352 376 3391 omnes
392 3335 445 3389 sibi
458 3335 610 3421 *uideantur
633 3335 668 3388 ad
686 3334 938 3406 reprehendendum
962 3335 1028 3388 estis
1052 3352 1155 3406 supere,

61 3416 585 3547 ι1).οέἰοὶὶίόόἰίιίιιιίιίηεἀήήίἰοιήίόίιιιιιο
602 3484 731 3530 nostmm.
751 3478 774 3529 si
791 3493 914 3547 quaeres,
927 3476 995 3547 quid
1008 3452 1155 3546 imperator

61 3557 196 3619 ternpore,
214 3549 289 3618 quod
300 3551 329 3601 in
343 3548 487 3601 obsidione
504 3558 674 3602 consumtum
687 3557 735 3609 est,
753 3548 847 3615 egerit,
859 3547 962 3599 dicam:
975 3567 1030 3620 quo
1044 3547 1155 3618 quidem

62 3628 187 3689 tempore
204 3635 308 3672 arueras
325 3619 428 3672 bellum
446 3620 562 3689 parabat
579 3628 607 3671 et
626 3619 660 3670 ad
679 3618 818 3671 serendam
837 3635 916 3688 opem
934 3636 963 3671 se
981 3618 1155 3672 instruebant

62 3692 170 3742 externi
189 3692 325 3759 principes
346 3689 502 3742 Christiani.
533 3707 686 3761 quanquam
705 3688 927 3753 Christianorum,
946 3691 1082 3760 quicirca
1102 3690 1155 3741 ha-

62 3761 199 3823 bitabant,
218 3761 389 3832 principum,
406 3762 509 3813 nullam
527 3777 607 3830 opem
631 3760 824 3824 ulimmerus,
842 3768 936 3811 notum
954 3770 997 3814 est
1013 3761 1155 3816 omnibus:

63 3832 206 3901 quinimo
225 3831 259 3882 ad
278 3833 386 3884 Serviae
412 3833 563 3903 principem
582 3831 728 3900 Georgium
752 3847 854 3882 emeras
876 3833 995 3900 legatum
1024 3833 1106 3896 misit,
1125 3841 1156 3884 ut

63 3903 89 3954 is
110 3903 145 3953 aie
164 3919 231 3972 pace
251 3903 323 3954 inter
339 3903 479 3971 ilungaros
499 3911 527 3954 ct
543 3919 657 3954 emeram
679 3901 850 3954 concilianda
868 3912 967 3970 ageret.
987 3920 1046 3956 cum
1064 3903 1155 3971 legato

64 3972 237 4025 Christianus
258 3973 354 4043 aliquis
372 3975 495 4026 literatus
512 3982 578 4036 erat,
598 3990 613 4024 a
636 3973 730 4025 'furcis
748 3970 1084 4042 quibusdameonsilisriis
1104 3973 1156 4024 sd-

4 4091 6 4095 .
65 4042 157 4106 ditus,
178 4043 226 4113 qui
247 4043 377 4113 despotas
394 4043 527 4108 suaderet,
545 4054 576 4097 ut
593 4045 738 4096 amicitiam
764 4043 909 4096 conciliare
926 4045 1057 4106 studeret,
1075 4051 1114 4104 ut,
1132 4044 1155 4094 si

64 4114 148 4165 fieret
164 4131 225 4166 cum
243 4115 376 4182 Hungaris
399 4117 473 4185 pacis
498 4125 525 4169 et
548 4117 681 4167 amicitiae
703 4116 811 4184 pactio,
830 4115 919 4167 Turta
938 4117 1029 4168 statim
1049 4114 1157 4182 Cpolim

66 4184 217 4238 invaderet.
254 4202 335 4255 quam
353 4201 409 4236 rem
427 4187 509 4238 miser
524 4186 574 4238 iile
591 4186 673 4238 nihili
692 4186 852 4237 aestimabat
867 4202 919 4238 nce
931 4188 1009 4256 pensi
1027 4183 1157 4246 habebat,

65 4256 185 4314 nescius,
205 4257 294 4325 capite
315 4273 330 4307 a
348 4272 461 4325 corpore
480 4256 579 4320 deciso,
596 4257 716 4308 membra
731 4265 838 4309 mortua
863 4272 928 4308 esse.

139 4324 241 4377 Eodem
260 4334 382 4396 tempure
402 4328 484 4378 stiam
494 4327 618 4380 venetiis
637 4328 671 4379 de
691 4327 783 4379 haere
802 4344 926 4394 magnum
943 4325 1088 4377 concilium
1107 4323 1159 4376 hs-

66 4396 155 4448 bitum
176 4405 226 4458 est,
246 4397 357 4467 inquo,
377 4398 423 4465 qui
442 4406 499 4449 tum
520 4396 574 4449 dua
597 4406 663 4460 erat,
684 4398 839 4449 Franciscus
857 4397 978 4448 Fuscaris
995 4397 1110 4465 surrexit
1130 4405 1158 4448 et

67 4467 141 4520 dixit
155 4465 233 4521 “nou
257 4483 291 4521 ex
318 4469 474 4538 ignorantia
496 4469 643 4539 imperator
659 4468 792 4521 lohannes
812 4483 862 4519 nos
879 4465 1035 4538 expetivit?
1071 4469 1158 4519 enim·
