2752 5092
233 248 290 337 58
547 275 720 342 caoacu
753 276 996 371 masuram

229 431 389 510 στιανῶν,
412 426 489 512 περὶ
505 415 551 492 όν
572 424 755 511 εἰρήκαμεν.
785 423 816 490 οἱ
840 428 876 490 δὲ
900 426 1090 500 α’κοόσαντες
1110 429 1169 500 ἕως
1189 424 1323 506 καρδίας

230 525 451 613 ἐλυπήθησαν,
472 529 528 590 καί
546 521 651 590 ἔκτοτε
673 523 805 608 ἐζήτουν
824 522 937 608 καιρόν
955 522 1132 609 ἐπιτήδειον
1151 522 1207 586 καί
1229 515 1322 588 εόλο.

229 652 285 711 χον
307 629 410 693 αἰτίαν
431 625 484 692 ἴνα
503 624 563 700 τός
582 624 769 707 ὑποσχέσεις
788 626 843 688 καί
869 626 1045 707 συμβάσεις
1065 626 1121 687 καί
1139 619 1321 707 rinocoryris,

229 727 271 813 ἢν
291 722 377 809 εἶχον
393 724 474 808 μετὰ
495 727 553 791 τοῦ
572 723 697 807 οἷμηρᾶ,
722 722 876 808 φύγωσιν.
919 727 975 787 καί
993 721 1170 805 συμβάσεις
1187 724 1243 785 καί
1266 716 1321 807 ip-

229 849 306 901 κους
325 822 477 912 φρικτοός
499 823 794 908 λα’θρααίναμέσον
823 822 931 888 adesir
950 821 1133 907 ποιήσαντες
1161 823 1219 887 τοῦ
1239 815 1350 888 εἶναι5

228 926 337 1014 γνώμῃ
356 923 413 990 καί
429 924 524 1011 ψυχῇ
543 922 603 1012 μιᾷ
624 926 684 1000 ἕως
702 922 855 1004 θανάτου,
881 922 932 988 διό
950 919 1153 1006 βεβαιότερον
1170 922 1227 1004 τῆς
1241 921 1323 1005 ἀχό-

229 1048 291 1110 πης
309 1022 366 1089 καί
400 1026 458 1089 τοῦ
478 1024 660 1105 συνδέσμου
681 1023 794 1089 τούτου
818 1019 954 1106 ἔστησαν
980 1025 1032 1088 ἳνα
1053 1015 1070 1085 ό
1089 1019 1242 1103 βασιλεός
1261 1017 1322 1105 κόρ

230 1120 393 1209 Maronis
422 1126 469 1200 είς
490 1118 626 1205 νόμιμον
653 1130 787 1206 γυναῖκα
821 1121 901 1211 λα’βχ
926 1120 984 1207 τὴν
1002 1125 1168 1208 θυγατέρα
1184 1123 1241 1185 τοῦ
1261 1117 1322 1204 κόρ

230 1221 475 1291 Κωνσταντίνου
493 1225 552 1287 τοῦ
572 1221 736 1308 Δραγιίση.

319 1326 382 1389 Ταῦ
409 1324 446 1387 δὲ
476 1318 588 1406 όμηριῖ
611 1321 845 1406 Μπαγιαζὴτου
875 1322 1025 1396 ἐλθόντος
1052 1323 1113 1386 καί·
1136 1316 1236 1385 πολόν
1267 1320 1373 1403 εῆςιο

232 1425 434 1506 Βουλγαρίας
468 1419 565 1487 τόπον
593 1417 776 1498 όλοίσαντος
804 1418 853 1486 ἔτι
881 1419 938 1485 καί
962 1418 1198 1502 δουλώσαντος,
1229 1413 1324 1504 ότῆς

232 1522 413 1606 Γερμανίας
431 1517 583 1602 βασιλεός
603 1516 810 1603 Σιχισμόνόος
837 1516 940 1602 ἔμαθε
960 1520 1001 1585 τό
1020 1517 1181 1603 γενόμενα.
1236 1522 1323 1604 (14.)

145 1623 151 1635 ’
181 1627 212 1697 τί
232 1619 249 1685 ό
271 1613 328 1687 οόν
347 1621 557 1704 Σιχισμόνόος
585 1624 642 1705 τῆς
663 1622 843 1705 Γερμανίας
870 1617 888 1684 ό
908 1618 1060 1701 βασιλεύς
1080 1620 1222 1704 πρέσβυν
1242 1622 1324 1685 στεί·

231 1726 289 1797 λας
307 1717 390 1806 πρός
408 1719 515 1801 αὐτόν,
536 1711 608 1804 ἤτοι
627 1717 683 1785 τόν
701 1720 846 1804 όμρρᾶν,
866 1715 970 1801 όλεχεν
991 1714 1040 1782 ότι
1059 1718 1118 1782 osis
1141 1712 1180 1802 ἢν
1200 1705 1324 1783 δίκαιον

230 1822 320 1906 «pstor
343 1810 430 1897 όντες
450 1822 485 1885 ἐν
510 1823 553 1907 τῇ
572 1824 760 1906 Βουλγαρίᾳ
785 1823 948 1901 ἐπιβαλεῖν
977 1828 1073 1902 χεῖρα
1094 1819 1151 1883 τὸν
1171 1810 1373 1902 ἆμηρᾶν,ι5

230 1916 280 1986 ότι
302 1921 381 1987 κατοὶ
403 1917 437 1986 τό
463 1918 633 2006 προνόμιον
652 1924 708 2004 τῆς
731 1923 895 2002 βασιλείας
916 1918 1020 1985 αότοῦ
1040 1918 1212 1994 ότοιοῦτος
1230 1916 1325 1996 τόπος

230 2022 328 2087 ἐστίν.
381 2015 531 2095 ἐλθόντος
564 2021 600 2084 δὲ
628 2023 686 2084 τοῦ
714 2023 875 2105 πρέσβεως
904 2021 960 2083 καί
989 2020 1092 2084 ταῦτα
1118 2019 1263 2094 εἰπόντος
1280 2020 1326 2108 τῷ

232 2117 467 2209 Μπαγιαζήτῃ,
501 2120 595 2184 ου’όὲν
622 2121 730 2203 ἕτερον
760 2119 916 2204 ἀπεκρίθη
936 2120 1024 2206 αὐτῷ
1053 2119 1084 2184 εί
1104 2116 1148 2203 μὴ
1170 2114 1268 2200 μόνον
1290 2120 1326 2183 ἐκ

231 2222 287 2304 τῆς
303 2217 416 2305 χειρός
434 2218 630 2305 παραλαβρόν
653 2217 754 2285 αότόν
772 2215 890 2298 ἔδειξεν
909 2211 991 2284 οἶκόν
1009 2243 1082 2284 τινα
1102 2215 1202 2307 τούτῳ
1224 2221 1327 2302 μέγαν

231 2324 367 2403 χίμοντα
386 2316 507 2384 ἔσωθεν
526 2316 592 2383 dud
606 2321 763 2384 παντοίαν
783 2313 925 2404 όργόναν
944 2313 1133 2400 πολεμικῶν,
1156 2316 1375 2404 ῥομφαίαναο

232 2443 268 2484 τε
295 2424 350 2485 καί
376 2422 494 2505 ξίφιον,
531 2415 554 2482 ἃ
580 2420 684 2494 καλαῖς
712 2418 931 2502 ἡτοιμασμόνα
961 2421 1016 2483 καί
1044 2421 1326 2501 παρεσκευασμένα

233 2519 388 2605 ὑπῆρχον.
436 2512 507 2584 εἶτα
540 2521 623 2601 λέγει
648 2519 692 2607 τῷ
715 2516 968 2601 πρίσβειἻόξον
997 2518 1100 2582 ταῦτα
1122 2520 1166 2605 τῷ
1186 2518 1326 2606 ου’θόντχ

233 2621 357 2707 σαυτῷ
385 2623 530 2702 βασιλεῖ,
551 2614 605 2683 ότι
624 2614 659 2685 τό
681 2616 759 2699 ε’μόν
780 2617 920 2699 δίκαιον,
948 2615 1046 2701 θέχαι
1067 2619 1101 2682 ε’ν
1121 2620 1160 2706 τῇ
1179 2620 1327 2702 Βαυλγα·

302 2769 594 2902 ίχμερότοῦχτρῖί)
661 2769 867 2862 ἂόιόιτόββ
913 2776 1135 2866 ⁸proriomi'
1209 2793 1248 2828 aa.
1273 2775 1324 2851 ιλ]

303 2867 365 2908 πως
383 2867 398 2902 ο
416 2853 463 2916 τῆς
502 2853 638 2922 ερμανίας
653 2851 786 2920 βασιλευς
801 2867 875 2920 προς
892 2867 942 2905 τον
959 2851 1076 2939 ἀμηρᾶν
1094 2850 1241 2905 auderetis
1254 2853 1328 2921 πρέ-

304 2921 430 2988 σβυν.Μ
505 2920 833 2992 ιλ·όεαῑεβασ.οιαΡ
908 2923 947 2991 14.
966 2920 1127 2989 ητοιοιαΡ

235 3081 425 3150 imperatorem
460 3086 491 3134 et
520 3082 642 3151 reliquos
667 3083 802 3154 principer
828 3081 1018 3145 Christianos,
1054 3080 1090 3135 de
1128 3079 1229 3151 quibus
1255 3078 1328 3132 dixi·

235 3169 314 3215 mus,
333 3152 459 3205 iactavit:
489 3151 589 3223 quibus
614 3153 658 3205 iiii
676 3153 844 3225 aliquamdiu
870 3154 981 3219 afflicti,
998 3169 1061 3206 mox
1078 3153 1245 3205 occasionem
1264 3151 1328 3203 ido-

235 3238 314 3272 neam
331 3230 360 3274 et
376 3239 483 3276 causam
500 3224 648 3293 speciosam
667 3226 877 3295 quaesiverunt,
898 3242 952 3294 qua
971 3225 1121 3294 promissa,
1138 3231 1217 3292 pacta
1235 3230 1264 3273 et
1284 3222 1327 3274 oi-

235 3294 312 3354 tie'ia,
337 3294 437 3363 quibus
457 3311 562 3347 amerae
590 3312 619 3347 ss
638 3294 856 3360 obstrinxerant,
882 3300 1039 3365 effugerent.
1069 3297 1163 3363 itaque
1181 3301 1328 3362 postquam

236 3365 407 3432 pactionibus
424 3373 453 3417 et
470 3366 536 3419 diris
556 3368 728 3420 sacramentis
741 3369 809 3420 ciam
828 3368 989 3420 seinvicem
1008 3366 1195 3425 devinxerunt,
1213 3373 1243 3415 ut
1261 3381 1328 3415 con-

237 3435 388 3486 sensionem
417 3444 447 3488 et
471 3437 641 3490 concordiam
667 3446 805 3492 servarent
829 3455 917 3507 usqne
941 3438 975 3489 ad
994 3446 1122 3499 mortem,
1150 3452 1205 3505 quo
1224 3436 1328 3486 firmius

237 3513 311 3556 esset
344 3504 424 3559 huius
450 3507 567 3561 foederis
601 3511 753 3572 vinculum,
781 3516 951 3572 statuerunt,
981 3517 1012 3560 ut
1041 3509 1187 3578 imperator
1214 3504 1328 3559 Manuel

237 3576 408 3628 Constantini
426 3578 551 3648 Dragasis
570 3579 654 3632 filiam
671 3582 843 3633 matrimonio
869 3579 990 3647 legitimo
1009 3578 1062 3631 sibi
1080 3581 1210 3646 iungeret.

306 3648 398 3716 Quum
421 3649 558 3702 Baiazetes
575 3666 677 3703 amerus
697 3652 783 3703 multa
805 3650 945 3718 Buigariae
963 3652 1022 3702 loca
1046 3651 1162 3720 cepisset
1185 3647 1260 3700 etin
1277 3663 1329 3717 po·

236 3727 362 3772 testatem
388 3737 464 3772 suam
486 3719 651 3789 redegisset,
677 3720 876 3790 sigismundus,
905 3722 1068 3773 Germaniae
1091 3736 1152 3781 rer,
1179 3718 1213 3769 da
1240 3735 1273 3768 ea
1298 3734 1329 3768 re

237 3792 335 3843 certior
354 3792 451 3853 iactus,
470 3792 537 3861 (ιλ.)
559 3792 648 3860 legato
668 3793 783 3844 adeum
797 3792 886 3856 misso,
906 3809 1023 3862 aequum
1040 3790 1226 3857 essenegarit,
1242 3805 1329 3858 quum

238 3870 327 3913 essent
338 3862 426 3926 arnici,
440 3878 554 3913 arueram
565 3880 672 3913 manum
686 3864 798 3915 iniicere
810 3863 954 3931 Buigariae,
971 3880 1041 3933 qnae
1054 3863 1112 3913 iure
1131 3860 1166 3913 ad
1183 3860 1226 3911 sui
1252 3860 1330 3926 regni

236 3933 388 4000 provincias
399 3934 556 4001 pertineret.
571 3932 638 3985 haec
649 3934 751 3986 dicenti
767 3935 857 4002 iegato
877 3935 1013 3986 Baiazetes
1027 3933 1096 3986 nihii
1113 3930 1265 4001 respondit,
1279 3928 1329 3981 sed

237 4020 317 4054 nranu
337 4004 508 4073 apprehenso
533 4003 640 4056 domum
666 4006 781 4075 amplam
806 4004 944 4069 ostendit,
969 4005 1044 4057 omni
1061 4020 1193 4054 armorum
1212 4015 1330 4070 genere,

239 4073 410 4142 riromphaeis
426 4074 596 4147 gladiisque,
625 4075 697 4127 beno
721 4064 861 4146 dispositis
888 4083 918 4128 et
940 4076 1092 4144 adornatis,
1117 4075 1253 4126 refertam.
1271 4080 1330 4142 turn

239 4144 357 4213 legatum
384 4144 658 4209 allocutus:“haec,
676 4148 778 4220 inquit,
808 4147 880 4216 regi,
908 4147 1019 4201 domino
1037 4154 1098 4211 tuo,
1126 4144 1267 4198 renuntia:
1287 4143 1330 4195 ius
