2844 5092
235 217 321 304 258
549 242 723 308 esouuu
761 240 1004 306 custumes

233 417 291 481 ρον
311 394 341 460 οἱ
359 390 510 480 ἡμέτεροι
530 397 683 479 ἐποίησαν
701 394 733 458 εἰ
757 392 804 474 μὴ
824 395 904 475 μίαν
926 397 991 458 τῶν
1015 387 1167 475 τριηρεων
1190 390 1332 476 έπυρπέ-

232 504 343 581 λησαν.
365 492 422 559 καί
439 491 473 559 τύ
495 496 530 560 έν
552 496 593 580 τῇ
612 492 739 580 γεφύρρ
760 494 825 577 πύρ
850 495 972 576 πλῆθος
993 493 1056 555 τών
1074 487 1226 574 Τούρκων
1250 492 1332 574 δρα·

231 592 347 678 μύντες
374 595 602 677 ε’ναπέσβησαν.
653 589 729 666 τούς
761 593 798 656 δὲ
827 596 918 667 νέους
937 593 1075 667 ἐκείνους
1103 588 1178 666 τούς
1199 594 1331 671 θαυμα-

231 692 413 769 στούςςκαί
442 690 581 774 ώροίους
615 689 772 774 ύώσεβὴς
801 685 930 775 άμηράς
959 688 1139 772 προστάξας
1169 690 1213 778 τῷ
1242 691 1335 775 πρωῒ

231 792 353 870 πάντας
385 794 517 874 οἰκτράς
548 786 751 856 ἐθανάτωσεν
770 790 873 874 ,ἡμῶν
910 787 1057 871 ὁρώντων
1086 787 1221 876 αύτούςή
1273 791 1359 863 καί5

231 896 350 978 θρῆνος
370 889 503 975 ἐγεγόνει
531 892 566 955 έν
592 892 632 977 τῇ
659 886 747 953 πόλει
777 890 859 972 ύπὲρ
889 891 995 954 αύτών
1027 891 1214 974 α’μέτρητος.
1253 888 1332 955 ὅδὲ

204 989 384 1078 Ββασιλεύς
415 992 570 1073 λυπηθείς
601 985 655 1053 καί
689 981 786 1063 αύτός
813 992 1002 1072 προσέταξεν
1023 986 1077 1053 ἵνα
1117 981 1244 1052 άνωθεν
1265 991 1331 1054 τών

154 1091 158 1099 “
231 1092 361 1175 πύργων
385 1086 548 1154 κύκλωθεν
567 1086 641 1165 τούς
662 1086 887 1169 αἰχμαλώτους
906 1086 1065 1170 Τούρκσυς
1085 1083 1327 1154 θανατώσωσιν·

230 1186 315 1276 ἦσαν
343 1187 404 1275 γάρ
434 1185 492 1254 esis
518 1184 662 1270 άριθμόν
683 1186 713 1250 οἱ
734 1180 954 1272 ἀναιρεθέντες
983 1188 1140 1252 διακόσιοι
1161 1182 1328 1272 ἑξήκοντα.

230 1290 287 1356 καί
314 1287 367 1355 διὰ
388 1291 487 1353 ταῦτα
510 1279 567 1350 σύν
587 1285 749 1351 σκάνδαλα
781 1284 978 1372 ἀνεφύησαν,
1002 1289 1058 1350 καί
1076 1284 1189 1363 στάσις
1205 1288 1328 1375 μεγάλη
1342 1321 1383 1363 ω

230 1392 367 1475 έγεγύνεε
387 1386 568 1469 α’ναμεταξύ
592 1386 655 1450 τών
671 1385 802 1451 ‘Evertit
822 1383 878 1449 καί
894 1384 1093 1468 Λτγουρίων·
1136 1382 1244 1472 έλεγον
1266 1388 1328 1473 γάρ

140 1477 145 1491 ⁴
231 1491 261 1556 οἱ
284 1483 458 1570 Λιγούρνοι
477 1487 532 1550 καί
551 1488 786 1570 ύασχυρίζοντσ
818 1486 877 1549 τού
896 1479 979 1558 εἰναι
1001 1481 1118 1561 αύτούς
1139 1487 1330 1571 ε’μπειροτάε

230 1613 303 1663 τους
324 1584 344 1672 ἢ
363 1586 437 1662 τούς
455 1583 595 1660 Ἐνετοὺς
615 1585 650 1649 έν
666 1585 761 1648 παντί
779 1580 953 1667 πράγματι,
974 1587 1030 1650 καί
1050 1586 1091 1649 δι’
1112 1585 1263 1671 άπειρίαν
1281 1585 1328 1671 μὴ

230 1690 351 1754 εἰδέναι
376 1684 428 1751 τὸν
462 1681 565 1749 Κάκον
594 1679 737 1767 Ἰάκωβον
762 1680 923 1759 άέπσίει,
968 1677 1042 1748 ούτε
1064 1686 1181 1766 ἐκεῖνος
1201 1680 1276 1751 σύτε
1297 1683 1330 1751 οἰ

231 1783 338 1854 λοιποί
355 1788 419 1851 τών
435 1783 567 1850 Ἓνετών
588 1782 611 1847 ἰί
631 1784 874 1868 έπιχετρίζοντο·
917 1785 958 1847 δι’
981 1782 1020 1868 ἢν
1040 1786 1147 1851 αἰτίαν
1160 1783 1236 1861 τούς
1255 1809 1328 1851 τεσ-
1341 1792 1378 1856 15

233 1882 410 1971 σαράκοντα
430 1887 567 1959 ἐκείνους
588 1888 678 1960 νέους
700 1881 887 1964 ἀπώλεσαν,
914 1885 956 1946 δι’
979 1883 1035 1960 ούς
1055 1889 1205 1962 τοσοῦτος
1227 1879 1330 1964 οἶκτος

231 1990 369 2071 ἐγένετο,
390 1984 446 2050 καί
466 1981 525 2059 τάς
546 1981 685 2076 τριήρεες
704 1983 761 2046 καί
782 1979 841 2066 την
866 1987 1011 2069 γέφυραν
1029 1982 1085 2060 τάς
1105 1986 1140 2050 έν
1160 1987 1203 2074 τῷ
1224 1991 1331 2068 λιμέντ

232 2087 291 2152 ούκ
316 2083 549 2169 ἐπυρπόλησαν.
593 2081 636 2158 ώς
658 2075 714 2146 σύν
736 2075 870 2165 ἤκουσεν
889 2081 906 2147 ὁ
928 2082 1081 2164 βασιλεύς
1100 2083 1139 2150 τά
1164 2083 1330 2168 γενόμενα,

232 2184 337 2253 έλθών
358 2183 498 2268 ώμίλησε
516 2189 579 2256 τοῖς
604 2179 735 2256 Ἑνετοίς
763 2178 819 2244 καί
837 2185 1035 2266 Λιγουρίυις,
1056 2186 1114 2250 καί
1132 2182 1331 2267 λυπούμενος

231 2280 300 2350 εἰπε
321 2281 519 2368 ((παρακαλῶ
547 2278 640 2363 ύμάς,
665 2281 819 2364 stertunt,
837 2280 1024 2366 εἰρηνεύετε.
1066 2286 1121 2348 καί
1140 2283 1384 2367 α’ρκεῖύμῖνοο

232 2383 249 2448 ὁ
268 2384 388 2465 ε”ξωθεν
403 2385 554 2463 πόλεμος·
578 2385 632 2444 καί
643 2378 688 2463 μη
707 2379 885 2461 οἰναμετοξύ
908 2379 998 2461 ύμών
1018 2379 1164 2465 μάχεσθε
1179 2381 1233 2449 sissi
1254 2383 1330 2460 eosic

233 2485 413 2568 οἰκτιρμούς
433 2483 490 2547 τού
511 2480 619 2547 θεοῦ.”
659 2479 715 2544 καί
740 2473 823 2547 άλλα
844 2480 944 2545 πολλά
963 2481 1183 2568 δημηγορήσας
1205 2487 1330 2571 εἰρηνο-

233 2588 362 2668 πυίησεν
383 2579 513 2657 αύτούς.

304 2750 330 2800 5.
349 2746 506 2815 ένηλεῶςΡ
594 2747 620 2800 6.
644 2745 800 2820 ἆμετροςΡ
900 2750 925 2801 8.
947 2750 1140 2824 τρεέρωθενΡ
1236 2754 1328 2810 18.sb

302 2819 357 2873 hoc
377 2820 414 2881 ώς
430 2827 511 2888 caput
528 2828 633 2871 sextum
652 2820 747 2889 incipit
766 2820 783 2870 Ρ

236 2998 379 3063 ceperunt:
403 3006 454 3043 nec
482 2991 567 3040 nostri
591 2987 740 3058 quidquam
761 2988 838 3042 aliud
862 2993 1064 3059 praestiterim,
1081 2993 1134 3044 nisi
1152 2992 1227 3063 quud
1247 3012 1328 3049 nuens

236 3063 443 3115 combusserunt
462 3061 605 3112 triremem.
631 3061 721 3128 ignem
747 3061 818 3112 enim
838 3064 915 3130 ponti
934 3064 1063 3115 iniectum
1081 3066 1229 3116 Turcurum
1248 3068 1330 3121 turba

236 3133 380 3186 confestim
400 3132 524 3183 extinxit.
551 3132 662 3185 iuvenes
689 3131 753 3182 illos
771 3134 890 3201 egregios
908 3142 936 3184 et
954 3136 1087 3188 formosus
1107 3137 1207 3206 impius
1224 3155 1329 3192 emeres

237 3204 272 3256 ssl
291 3199 486 3256 unum‘onsnes
503 3210 613 3272 postero
632 3219 711 3253 mune
730 3202 758 3254 in
777 3212 924 3272 conspectu
943 3215 1037 3258 nostro
1057 3208 1249 3262 miserabiliter
1268 3218 1329 3263 tru-

237 3275 322 3327 cidari
340 3275 427 3327 iussit
446 3273 534 3325 luctus
547 3271 612 3324 hinc
631 3273 660 3325 iu
677 3272 743 3325 urhe
762 3272 857 3340 iugens
877 3275 937 3336 fuis,
958 3286 1088 3347 tantaque
1106 3287 1165 3332 erut
1181 3280 1330 3350 imperato-

236 3347 273 3398 ris
293 3347 436 3408 moestitia,
457 3352 488 3396 ut
508 3346 565 3413 ipse
584 3344 699 3396 vicissim
719 3346 839 3414 captivos
852 3348 953 3398 Turcns
972 3348 1000 3400 in
1020 3349 1139 3401 turribus
1158 3351 1330 3404 circumciree

238 3416 326 3469 occidi
344 3414 460 3479 iuberet,
476 3432 589 3466 numere
608 3415 739 3468 ducentos
758 3416 905 3485 sexaginte.
929 3427 1004 3470 ortse
1023 3428 1087 3472 sunt
1104 3437 1138 3472 ex
1154 3419 1205 3473 hac
1223 3440 1252 3475 re
1270 3432 1329 3479 tur-

237 3487 299 3550 bae,
315 3503 347 3537 se
364 3504 459 3554 magun
476 3487 585 3539 emersit
602 3487 803 3539 intervenere·
816 3496 845 3539 et
853 3488 962 3556 Ligures
981 3489 1089 3543 seditio.
1107 3491 1237 3545 dicebant
1255 3494 1329 3547 enim

239 3567 267 3610 et
284 3556 451 3608 affirmabant
472 3557 590 3625 Ligures,
610 3574 639 3609 se
656 3559 730 3609 omni
751 3558 780 3608 in
805 3575 833 3610 re
850 3560 964 3612 Venetis
981 3562 1123 3630 peritiores
1144 3580 1220 3627 esse,
1239 3573 1268 3617 et
1286 3567 1330 3616 le-

239 3628 337 3682 esbum
360 3628 459 3680 Cocum
477 3644 511 3678 es
529 3629 663 3698 imperitia
688 3627 848 3691 nescivisse,
874 3630 941 3699 quid
960 3632 1076 3695 fuceret,
1094 3651 1145 3686 nec
1160 3636 1330 3705 perspexisse

239 3700 283 3753 vel
299 3701 388 3769 ipsum
406 3698 450 3749 vel
462 3698 581 3767 reliquos
601 3699 728 3761 Venetos,
746 3698 813 3768 quid
832 3699 976 3753 auderent:
998 3702 1071 3755 uude
1088 3704 1265 3774 qusdregiuts
1285 3706 1329 3758 iiii

239 3772 365 3833 iuvenes,
385 3776 496 3839 propter
519 3786 587 3838 quus
606 3777 697 3821 tantus
720 3770 808 3822 luctus
828 3780 913 3834 esset,
939 3775 1140 3842 periissentne
1159 3779 1282 3830 triremes
1302 3786 1332 3830 et

238 3859 308 3912 pons
324 3842 354 3892 in
371 3849 452 3912 portu
472 3856 530 3891 nun
549 3840 665 3892 fuissent
681 3842 799 3893 incense.
821 3840 888 3893 haec
901 3842 948 3894 ubi
965 3843 1070 3900 audivit
1085 3847 1240 3915 imperetur,
1261 3847 1332 3900 ediis

238 3913 360 3967 Venetus
382 3918 412 3964 et
431 3910 555 3978 Ligures,
582 3919 611 3962 et
632 3911 731 3963 afflicto
750 3913 840 3964 animo
866 3914 904 3964 its
925 3930 971 3966 eos
989 3917 1123 3969 allocutus
1142 3927 1184 3971 est
1197 3917 1330 3972 ‘fubsecre

239 4001 303 4048 vos,
321 3985 428 4045 tratres,
448 3998 541 4050 pacem
561 3982 656 4034 colite:
683 3981 782 4035 sufficit
800 3992 941 4036 externum
960 3985 1072 4038 beilum.
1093 3988 1190 4049 solite,
1210 4006 1260 4060 per
1276 3991 1331 4042 sei-

239 4054 412 4111 sericursiism
432 4051 489 4111 slei,
508 4061 630 4107 mutuum
648 4052 754 4109 sellun
773 4053 925 4109 exercere?
953 4056 1008 4110 siis
1026 4059 1112 4112 muita
1131 4059 1249 4115 dicendo
1267 4070 1331 4114 tsn-

240 4124 302 4179 sieus
321 4142 367 4179 ees
384 4124 498 4196 psus-it
