2760 5092
404 586 408 596 ’
437 589 513 652 un.
534 593 589 652 ιο.
620 590 710 653 car.
731 593 771 653 u.
1075 561 1161 646 325

70 734 240 825 αέθεντίρ,
263 732 345 817 πλην
372 733 430 799 οὖν
453 735 590 819 ἴσχυσαν
611 741 808 821 παροτρῦναι
830 734 884 802 τὸν
904 737 1003 802 dorisco
1024 739 1165 822 σονδρα·

68 845 143 918 μτῖν
162 839 205 921 τῷ
226 838 360 915 βασιλεῖ.

154 933 225 999 Καί
245 933 262 1018 ἡ
284 933 432 1016 ἐκκλησία
455 937 511 1018 τῆς
528 932 652 1018 Ῥώμης
665 935 740 1016 περί
759 930 872 1000 τούτου
895 932 1084 1021 ἐφρόντισεν.
1109 935 1165 1000 τέ-

69 1037 218 1119 ρτθέντος
247 1031 309 1116 γὰρ
329 1038 386 1098 τοῦ
409 1036 621 1117 καρδηναλίοο
640 1031 795 1108 Ῥωσσίας
820 1036 867 1109 εἰς
887 1033 946 1118 την
967 1037 1059 1099 πόλιν
1067 1085 1077 1115 ,
1110 1036 1166 1099 καὶ

40 1134 130 1217 5ἐγώ
154 1137 229 1217 περί
246 1129 359 1197 τούτου
385 1132 576 1213 μεσιτεύσας
608 1131 687 1213 πρὸς
708 1130 763 1195 τὸν
782 1132 927 1215 ἀοίδιμον
950 1139 1006 1199 καί
1024 1138 1164 1214 μακαρί-

68 1258 124 1318 την
144 1230 199 1298 τὸν
219 1227 378 1317 αέθέντην
397 1254 461 1313 μου
491 1230 720 1312 τὸνβασιλέα,
751 1234 803 1296 ἵνα
821 1235 948 1316 γένηται
969 1228 1025 1295 r‘r'de
1045 1235 1184 1316 καρὸηο,

69 1331 160 1408 νάλις
180 1328 383 1415 πατριάρχης
405 1331 789 1407 Κωνσταντινοοπόλιως·
843 1335 898 1395 καί
914 1334 945 1395 si
962 1336 1101 1415 γένηται,
1121 1331 1162 1396 τὰ

68 1429 126 1495 καί
147 1428 184 1494 τέ
216 1426 400 1513 γενήσονται
432 1433 506 1513 παρ’
539 1431 645 1494 αὐτοῦ
671 1429 726 1494 κατ’
743 1434 802 1495 τοῦ
822 1430 889 1496 τότε
911 1431 1001 1495 παπα
1021 1433 1066 1506 εἰς
1086 1427 1163 1513 βοη-

68 1534 166 1594 θειαν
187 1533 242 1614 τῆς
261 1527 398 1609 πόλεως,
420 1531 451 1594 σι’
468 1523 528 1592 κᾶν
550 1533 584 1593 ἐκ
604 1534 755 1610 δευτέρου
778 1535 981 1618 μνημονεοθῇ
1002 1526 1017 1593 o‘
1042 1527 1160 1604 πάσας·
1215 1551 1220 1561 ‘

24 1627 125 1692 τοκαί
143 1630 267 1693 πολλῶν
279 1625 481 1712 σοζητησεων
496 1628 596 1709 λόγων
618 1631 674 1692 καί
691 1633 807 1712 βουλῆς
826 1633 1000 1710 γενομένων
1014 1627 1100 1705 ἔδοξε
1120 1631 1163 1715 τῷ

67 1727 204 1814 αόιδίμην
233 1732 363 1808 βασιλεῖ
378 1730 421 1815 τῷ
452 1728 588 1814 αι’θένιη
613 1750 676 1810 μου
701 1727 737 1791 τό
759 1731 792 1792 ’ἐν
813 1731 876 1792 τῶν
900 1725 959 1793 δύο
977 1728 1022 1812 μὴ
1043 1730 1163 1810 γένοιτο

67 1831 237 1916 παντελῶς,
258 1821 306 1890 ὅτι
320 1831 363 1913 τρῖ
381 1830 536 1912 γενομένῳ
551 1825 733 1911 πατριάρχη
755 1821 873 1911 ἀνάγκη
890 1821 928 1910 ἢν
948 1819 969 1911 ἢ
990 1830 1163 1891 πείθεσθαι

67 1925 156 2013 αὐτῷ
189 1923 264 2000 τούς
291 1925 431 2005 πάντας,
456 1920 477 2009 ἢ
508 1923 573 2006 ἔρις
595 1928 650 1990 καί
671 1922 775 2008 ἔχθρα
795 1925 958 2009 γενήσεται
981 1923 1160 2006 α’ναμεταξὺ

67 2026 167 2088 adteri
200 2027 256 2087 καί
274 2026 379 2088 criseis
406 2026 469 2089 τιὸν
489 2023 534 2108 μη
559 2029 755 2104 πειθομένων
784 2027 879 2112 αὕτηῖ.
921 2024 977 2090 καί
998 2026 1032 2089 ἐν
1052 2022 1160 2111 ἐκείνιρ

21 2117 124 2189 abrasi
144 2125 257 2205 καιροῦ
291 2126 430 2210 διαμέσιρ
461 2126 491 2187 εἰ
510 2122 566 2187 καί
593 2129 703 2210 συμβῇ
724 2123 799 2207 ἡμῖν
819 2122 909 2210 μα’χη
930 2121 1048 2204 ἔξωθεν
1072 2122 1160 2203 παρὰ

65 2223 129 2286 τοῖν
149 2223 285 2305 ἐχθρῶν,
307 2223 363 2286 καί
382 2219 468 2303 ἔχειν
481 2222 563 2305 ημᾶς
585 2223 639 2286 καί
649 2220 780 2304 ἔσωθεν,
802 2220 901 2287 πόσον
921 2220 1027 2287 ἔσεται
1042 2212 1175 2301 ιιαιιόν,ι

64 2319 101 2386 τό
123 2323 159 2384 δὲ
177 2319 431 2405 μνημονεύεσθαι
447 2318 503 2384 τὸν
516 2320 624 2385 πᾰπαν
643 2322 807 2406 γενηθήτω
828 2320 930 2386 ἕνεκεν
944 2323 1069 2395 ἐλπίδος
1082 2325 1159 2404 βοη-

65 2423 158 2495 θείας
180 2424 213 2486 ἐν
233 2424 271 2507 τῇ
290 2417 410 2506 ἀνάγκη
431 2412 542 2502 ἡμῶν·
587 2419 641 2484 καί
665 2415 736 2484 ὅσοι
757 2425 849 2485 τοῦτο
872 2417 1045 2503 ποιησωσιν
1067 2421 1101 2483 ἐν
1122 2420 1159 2503 τῇ

64 2518 138 2605 ἁγίᾳ
157 2517 271 2606 Σοφία,
296 2515 326 2583 oi
345 2514 434 2582 ἄλλοι
459 2517 586 2583 ἔσονται
605 2518 742 2583 ἀναίτιοι
762 2518 818 2580 καί
836 2523 995 2603 εἰρηνικοί.

13 2642 55 2684 ao
149 2623 221 2683 Καί
240 2623 278 2706 τῇ
308 2613 347 2701 ιβ’
370 2621 426 2683 τοῦ
446 2621 644 2703 Δεκεμβρίου
665 2620 889 2700 παρελθόντων
910 2621 943 2694 ἓξ
962 2620 1080 2700 μηνοῖν,
1101 2618 1158 2680 καί

63 2714 216 2781 τοσούτου
250 2716 345 2799 λόγου
374 2721 542 2799 γενομένου
577 2717 653 2798 περί
670 2720 819 2799 βοηθείας
851 2711 926 2780 ὅσον
947 2711 1155 2798 ἐποιησατοο*

62 2814 236 2893 σοολτάνος
256 2817 314 2880 τοῦ
334 2813 462 2901 Κάερος
480 2809 546 2902 ἦτοι
567 2817 623 2902 τῆς
642 2814 820 2899 Αἰγύπτου.
862 2812 924 2879 ent
946 2817 982 2880 δέ
1002 2815 1057 2898 τῆς
1077 2815 1155 2896 Esp-

133 3033 177 3073 so.
197 3019 228 3092 τῇ
245 3017 267 3088 ί
288 3019 307 3071 Ρ
376 3033 419 3070 ar.
433 3017 526 3074 ἕνεκεν
545 3017 565 3070 Ρ

49 3205 122 3240 rum
141 3188 221 3239 rebus
241 3188 354 3238 aliatum
371 3189 420 3248 iri,
441 3204 497 3240 noa
523 3196 651 3259 poterant
669 3195 761 3241 tamma
778 3187 840 3239 duci
860 3183 1032 3257 persuadere,
1053 3190 1083 3237 ut
1100 3184 1153 3236 im·

60 3259 183 3332 peratori
200 3267 375 3310 succurreret.

133 3331 220 3381 Etiam
248 3329 378 3380 ecclesiae
396 3329 530 3380 Romanae
559 3328 626 3381 baec
650 3344 692 3381 res
721 3344 801 3379 curae
819 3334 884 3380 erat.
930 3343 1014 3397 quum
1031 3324 1103 3375 enim
1122 3326 1153 3376 in

61 3399 131 3451 urbe
156 3399 262 3451 adesset
291 3399 436 3450 cardinalis
464 3401 585 3463 Rosciae,
609 3408 638 3451 et
663 3416 712 3468 ego
730 3400 842 3467 egissem
870 3413 929 3448 cum
951 3394 1106 3447 venerando
1125 3403 1154 3447 et

61 3470 161 3522 beatae
180 3472 327 3522 memoriae
345 3472 523 3539 imperatore,
553 3471 663 3521 domino
683 3485 758 3537 meo,
785 3479 816 3521 ut
834 3470 856 3519 is
874 3466 1021 3518 cardinalis
1038 3467 1153 3534 patrier-

62 3540 113 3593 cha
132 3542 225 3611 Cpoiis
242 3530 329 3604 ficret,
350 3538 423 3592 unde
449 3540 567 3592 futurum
588 3549 676 3603 esset,
702 3549 733 3591 ut
758 3539 791 3590 ab
813 3540 873 3609 ipso
893 3544 920 3590 et
937 3554 1007 3606 pape
1024 3534 1152 3587 nonnihil

61 3614 142 3664 fieret
161 3612 196 3663 ad
227 3611 321 3663 urbem
340 3610 535 3673 adiuvandam,
560 3612 582 3662 si
615 3628 704 3663 rursus
729 3623 815 3679 pupae
833 3609 935 3660 mentio
953 3609 1039 3668 fieret,
1058 3606 1152 3658 multis

62 3683 233 3735 sermonibus
253 3692 282 3734 et
301 3681 545 3734 consultationibus
563 3680 678 3743 habitis,
695 3681 865 3749 imperatori,
890 3679 1000 3730 domino
1022 3693 1092 3737 meo,
1109 3678 1152 3728 vi·

61 3771 120 3805 sum
144 3763 199 3816 est,
230 3762 357 3805 neutrum
382 3769 494 3816 eorum,
518 3768 589 3822 quae
617 3760 793 3804 consecutura
819 3758 927 3810 essent,
954 3748 1013 3800 fleri
1035 3748 1151 3809 debere,

61 3823 284 3896 quandoquidem
305 3839 414 3875 neccsse
445 3831 528 3885 essct,
553 3831 583 3875 ut
610 3832 656 3874 aut
676 3820 844 3892 patriarchae
871 3836 964 3871 ornnes
988 3818 1151 3881 obedirent,

61 3903 110 3946 aut
136 3895 199 3946 lites
227 3903 255 3946 et
279 3895 437 3946 inimicitiae
471 3895 542 3945 inter
570 3895 657 3963 ipsum
688 3902 716 3944 et
741 3909 805 3954 eos,
836 3892 883 3962 qui
911 3907 967 3942 non
993 3889 1160 3950 obedirent,

60 3967 206 4017 orirentur.
242 3966 344 4017 interea
378 3966 401 4016 si
419 3964 497 4015 nobis
527 3965 592 4015 ioris
611 3964 713 4016 bellum
738 3964 884 4014 inferretur
911 3960 945 4013 ab
964 3959 1098 4021 hostibus,
1124 3966 1153 4009 ct

60 4036 280 4088 conflictaremur
298 4037 379 4087 etiam
400 4036 472 4086 domi
492 4028 624 4098 dissidiis,
644 4043 746 4104 quanta
764 4033 834 4084 maia
854 4033 944 4083 futura
963 4031 1070 4083 essenti
1099 4045 1150 4096 pes

58 4122 114 4177 poe
132 4115 222 4158 tamen
245 4107 373 4157 memoria
400 4106 477 4158 fieret
494 4114 606 4175 propter
633 4122 707 4173 spem
732 4105 826 4155 auxilii
856 4105 885 4155 in
911 4103 961 4153 hac
979 4100 1148 4151 necessitate.

60 4176 136 4246 qrrod
154 4179 201 4246 qui
222 4178 359 4238 facerent,
387 4177 415 4226 in
437 4185 547 4228 sanctae
570 4176 689 4247 Sophias
717 4175 819 4244 templo
839 4174 975 4225 iacerent:
995 4169 1095 4239 reliqui
1114 4183 1150 4218 ne

58 4256 251 4300 accusarentur
268 4264 322 4299 nen
341 4246 524 4298 turbarentur.

131 4318 182 4369 Die
208 4333 236 4368 ra
254 4316 419 4378 Decembris,
438 4333 523 4387 quum
542 4334 589 4368 sex
607 4333 713 4369 menses
736 4315 936 4386 praeterissent,
958 4317 987 4361 et
1007 4315 1050 4361 tot
1067 4305 1150 4359 verbe

59 4397 153 4439 essent
171 4389 242 4440 iacta
261 4387 296 4441 de
322 4388 442 4451 auxilio,
461 4397 529 4457 quot
546 4386 612 4439 iecit
629 4388 753 4439 soltanus
770 4385 840 4438 Cairi
860 4384 917 4435 sire
937 4381 976 4432 Ae
1031 4380 1066 4441 ti,
1087 4387 1150 4430 eta

58 4459 152 4518 Servis
171 4467 263 4530 posset
281 4460 395 4532 pecunia
413 4458 519 4512 occulte
535 4457 628 4512 multis
647 4456 747 4521 modis,
772 4455 895 4508 homines
913 4452 979 4506 item
997 4451 1050 4502 aio
1068 4447 1149 4502 modo
