2724 5114
213 250 296 338 512
518 272 685 338 noturus
716 272 994 338 lulcuoersu

292 424 342 492 ιε’.
389 417 515 489 Τοότων
536 419 619 488 urim
640 421 878 507 κεχωρηκότων,
901 429 956 489 καί
966 420 1025 488 ὅσα
1047 419 1088 489 όν
1106 448 1158 502 τις
1179 425 1217 490 ἐκ
1238 423 1311 490 sesi·

208 553 271 596 των
293 520 477 597 ἀκολούθως
499 518 654 588 εἰκάσειεν
666 521 769 604 ἕτερα,
792 522 848 586 καί
867 527 973 589 ποῖσον
993 522 1052 608 την
1074 518 1166 589 λείαν
1186 527 1225 591 ἐν
1243 533 1311 600 ταῖς

209 632 340 711 σκηναῖς
359 616 602 704 συναγηοχότων
632 624 695 686 τιόν
721 619 888 704 Τοόρκων,
911 621 928 686 ό
948 625 1003 706 τῆς
1028 621 1151 698 δόσεως
1172 649 1311 708 στρατη.

210 726 266 810 γός
287 727 342 788 καί
359 715 456 795 αὖθις
477 717 536 803 την
555 720 648 784 πόλιν
668 722 786 804 είσέδυ,
806 721 925 807 ταύτην
944 725 985 787 ἵν’
1006 718 1234 805 ἀκριβέστερον
1255 747 1311 787 κα·

213 819 412 889 τοπτεόοωσι
433 821 488 882 καί
506 822 607 903 μηδὲν
621 817 739 897 ου’τοός
752 818 837 909 λα’δη
859 819 1074 904 κρυπτόμενον
1096 820 1335 906 όπουδηπστε,5

212 917 267 989 ὅτε
291 918 330 1005 δίη
352 919 408 986 καί
436 920 474 984 τό
506 921 562 1002 τῆς
592 919 713 993 πόλεως
739 913 843 1004 ἄρδην
873 918 999 986 ἅπαντα
1022 918 1180 1007 ἠφάνιστό
1203 945 1239 986 τε
1258 926 1312 987 καί

213 1023 440 1105 α’νατέτραπτο,
461 1018 516 1083 καί
540 1017 634 1084 οὐδὲν
654 1011 724 1083 οότε
745 1018 819 1094 ναός
839 1017 926 1103 ἱερός
947 1013 1019 1085 οότε
1035 1018 1115 1104 μονὴ
1139 1015 1208 1085 οὔτΙ
1229 1024 1310 1086 οἰκία

212 1124 268 1186 καί
293 1123 358 1185 τεόν
385 1122 589 1204 φαυλοτέρων
613 1117 720 1183 αότιδν
746 1112 918 1197 ἀσάλευτος
949 1124 1188 1185 καταλέλειπτο.
1232 1119 1309 1185 τόδ’

216 1219 328 1296 αἴτιον,
351 1213 397 1283 ότι
412 1219 475 1282 τῶν
496 1221 634 1282 πολιτιόν
654 1212 722 1282 ὅσοι
742 1223 929 1301 περιουσίαν
949 1222 1111 1305 ἐκέκτηντο
1132 1223 1178 1309 τῷ
1200 1222 1310 1306 μακρῷ

214 1321 413 1406 συγκλεισμῷ
433 1315 478 1400 μὴ
492 1319 740 1401 δαπανηθεῖσαν,
759 1314 818 1401 τήν
833 1316 950 1404 ἔφοδον
967 1323 1032 1384 τῶν
1052 1323 1214 1400 πολεμίων
1234 1322 1307 1402 αἰτη-
1318 1341 1346 1380 ιο

214 1421 335 1499 κοότες,
370 1415 390 1481 ὃ
426 1413 623 1481 πεπόνθεσαν
653 1416 806 1498 δεδιότες,
834 1414 865 1480 οἱ
896 1420 955 1498 μὲν
988 1425 1074 1493 ναοῖς
1094 1416 1205 1499 ἱεροῖς,
1227 1416 1258 1482 ολ
1276 1421 1309 1482 δέ

214 1519 394 1603 μνήμασιν,
415 1518 519 1600 ἕτεροι
542 1518 576 1579 δὲ
598 1508 644 1592 οἷς
664 1515 814 1581 ἐδόναντο
836 1518 945 1592 τόποις
962 1518 1154 1582 ἐναπὲδεντο
1175 1517 1308 1601 ταότην,

215 1621 247 1683 εί
264 1621 324 1700 μὲν
337 1619 446 1691 αυ’τοῖς
458 1620 571 1681 θανεῖν
591 1619 712 1696 γένοιτο
735 1612 814 1679 κατὰ
828 1613 885 1698 τὴν
896 1618 1097 1700 προσδοκίαν,
1122 1618 1187 1680 τῶν
1209 1613 1312 1681 ἔπειτα

213 1718 330 1803 ταύτην
347 1719 400 1782 ἴνα
421 1716 503 1791 τινὲς
524 1714 710 1800 εὑρηκότες,
742 1708 794 1780 οἷα
815 1700 1004 1800 συμβαίνει,
1025 1718 1080 1799 τῆς
1100 1717 1229 1782 ἐκείνων
1249 1733 1310 1798 stv-

213 1820 276 1900 χῆς
296 1813 607 1899 όπεραγωνίσωνται,
628 1815 660 1879 εἰ
679 1815 714 1879 δὲ
733 1811 788 1879 τόν
800 1817 938 1881 δόνατον
959 1813 1172 1901 α’ποφόγοιεν,
1195 1809 1346 1903 εόρωσίιὸ

215 1939 250 1980 τε
270 1913 327 1980 καί
344 1912 527 1997 χρήσωνται
547 1912 626 1997 πρὸς
646 1914 844 1996 ἐλευθερίαν,
885 1913 915 1979 οἱ
937 1917 972 1981 δὲ
991 1918 1048 1998 τῆς
1067 1915 1311 1996 ἐλπιδοςέψεό·

154 2020 359 2100 353σθησαν·
414 2009 542 2088 ἁλόντες
570 2009 631 2096 γόρ
658 2013 717 2075 τοῦ
743 2011 803 2093 μὲν
825 2015 943 2089 α’διλιως
973 2016 1137 2097 τεδνόναι,
1158 2018 1242 2079 θεοῦ
1261 2014 1312 2079 τόν

215 2118 328 2181 οἰκεῖον
356 2109 443 2178 ἐλεον
464 2113 723 2193 ἐπιδειξαμένου,
745 2109 827 2196 πλην
847 2116 950 2195 ἐνίων,
968 2115 1121 2179 κοίκείνων
1141 2117 1220 2180 οἴων
1239 2136 1311 2196 προ·

215 2214 432 2300 διειλήφειμεν
444 2261 454 2292 ,
477 2209 628 2294 ἀνώτεροι
650 2212 896 2295 διεδείχδημεν,
929 2217 989 2279 τοῦ
1014 2216 1050 2279 δὲ
1072 2225 1138 2291 τοῖς
1159 2217 1311 2298 προοοόσι

213 2314 402 2398 χρησασθαι
431 2308 512 2395 πρός
532 2307 711 2395 α’νόρρυσιν
731 2304 790 2374 οόκ
813 2314 977 2395 ἐπέτυχον.
1019 2315 1120 2377 δεινοί
1138 2313 1204 2396 γὰρ
1227 2306 1344 2386 όντεςιο

216 2411 247 2476 οῖ
270 2414 403 2496 Τοῦρκοι
436 2415 492 2476 καί
516 2407 597 2493 πρός
623 2411 763 2488 ἐπινοίας
794 2410 913 2487 πολλός
944 2408 1163 2495 εόποριότατοι
1183 2417 1224 2500 τῇ
1243 2416 1312 2494 περί

224 2508 264 2576 τό
293 2510 462 2596 πράγματα
490 2507 611 2574 τοότων
639 2513 846 2597 πολυπειρίᾳ,
876 2508 933 2585 σός
957 2513 1021 2574 τῶν
1048 2516 1189 2576 πολιτοόν
1208 2510 1311 2594 ἐποίη·

215 2635 276 2678 σαν
296 2610 545 2699 αἰχμαλώτους,
575 2604 631 2672 καί
647 2605 790 2690 μάλιστα
817 2607 876 2685 τός
895 2619 1047 2694 γυναῖκας
1067 2608 1121 2676 διό
1142 2612 1180 2676 τό
1197 2611 1309 2676 ταύταν

211 2719 230 2751 ⁰
291 2779 332 2833 16.
370 2772 470 2845 οῖδηῖ
539 2788 583 2828 ει.
604 2773 766 2849 ἀνάρρησιν
785 2778 816 2848 ΔΔ

292 2951 332 3002 15.
368 2949 442 3002 llaec
459 2965 521 2999 cum
539 2949 578 3001 ita
598 2956 743 3016 agerentur
769 2956 814 3011 et,
841 2956 872 3000 ut
889 2949 1025 3019 quispiam
1043 2966 1078 3003 ex
1095 2949 1140 3003 his
1158 2952 1307 3004 coniecturs

218 3029 424 3092 assequeretur,
443 3020 497 3070 alin
517 3027 599 3090 atque
618 3020 689 3081 alia,
716 3027 745 3070 et
763 3020 816 3070 iam
834 3021 985 3072 universum
1013 3021 1143 3091 praedem
1160 3023 1266 3074 Tuscae
1283 3024 1307 3073 in

218 3093 338 3145 tentoria
369 3091 564 3153 deduxissent,
590 3090 646 3142 dux
667 3085 815 3155 occidentis
842 3109 932 3142 rursus
947 3091 1041 3144 urbem
1059 3094 1207 3159 immigrst,
1233 3110 1306 3144 secu·

219 3166 304 3216 ratius
323 3179 382 3215 eum
400 3165 587 3230 inspecturus,
615 3160 722 3212 nibilne
741 3161 885 3224 oecultum,
905 3161 1062 3214 ubic-unaue
1081 3163 1152 3215 illud
1172 3172 1253 3227 esset,
1270 3164 1306 3215 ls-

219 3243 299 3288 teret.
334 3235 372 3286 sic
388 3232 463 3284 urbis
480 3231 560 3283 rebus
579 3233 710 3284 universis
729 3233 820 3282 recisis
848 3242 877 3283 et
894 3232 930 3282 nd
947 3233 1064 3285 nihilum
1085 3236 1206 3287 reductis
1224 3235 1305 3295 nihil,

218 3320 310 3374 neque
336 3304 468 3372 templum
485 3319 590 3354 sucrum
615 3318 706 3374 neque
722 3304 923 3365 monasterium,
942 3321 1033 3375 neque
1054 3304 1153 3357 domus
1171 3308 1254 3358 etism
1269 3306 1307 3356 ri-

219 3375 338 3436 lissima,
357 3376 515 3426 inconcusse
538 3374 674 3426 remansit.
711 3381 739 3424 et
756 3390 839 3425 causa
858 3373 925 3425 haec
942 3374 1004 3425 suit.
1026 3392 1060 3427 ex
1077 3376 1182 3428 civibus
1202 3378 1250 3448 qui
1267 3375 1306 3428 ‹ti-

219 3446 293 3498 vitiis
320 3445 428 3514 elinque
453 3444 644 3514 suppellectile
670 3443 831 3507 affluebant,
862 3462 928 3514 ques
954 3446 1034 3513 longa
1058 3447 1168 3499 obsidio
1191 3465 1249 3499 non
1264 3447 1305 3498 slt-

219 3523 379 3585 sumpserst,
396 3515 489 3567 audita
510 3515 630 3579 hpstiusn
648 3515 808 3583 irruptione,
828 3523 856 3566 et
867 3515 941 3585 quod
954 3517 1076 3586 perpessi
1089 3526 1155 3570 sunt
1172 3520 1305 3587 pertimes-

220 3597 322 3650 centes,
342 3586 388 3636 elii
409 3587 438 3637 in
459 3587 539 3637 sacris
558 3586 677 3655 templis,
695 3586 793 3636 aliisin
814 3584 974 3654 sepulchris,
995 3589 1040 3639 elii
1060 3588 1123 3640 eliis
1141 3588 1242 3658 quibus
1262 3604 1304 3658 pe·

219 3665 310 3712 terent
328 3657 396 3709 locis
414 3674 462 3707 sun
482 3672 643 3725 reposuere;
668 3664 700 3707 nt
716 3656 740 3707 si
763 3656 833 3710 sorte
854 3658 921 3726 ipsis
939 3675 1010 3709 mors
1025 3660 1201 3727 contigisset,
1219 3669 1250 3713 ut
1264 3675 1304 3710 es·

219 3728 399 3800 spectabatur,
417 3728 464 3797 qui
478 3727 651 3796 postmodum
668 3728 776 3779 venturi
789 3735 875 3790 erent,
893 3727 949 3779 illis
968 3730 1091 3798 repertis,
1110 3739 1143 3783 ut
1155 3732 1215 3783 lieri
1233 3737 1303 3786 enisi,

240 3817 379 3852 sueorum
398 3798 614 3867 animanliquid
632 3805 804 3863 accusarent3
823 3800 845 3849 si
867 3807 980 3849 mortens
1000 3802 1167 3869 effugissent,
1190 3803 1244 3872 ipsi
1260 3799 1304 3853 sibi

217 3818 362 3932 labarent,
380 3879 409 3922 et
426 3867 590 3921 liberi'sacti
608 3870 637 3921 in
657 3885 720 3919 suos
732 3885 795 3920 usus
818 3877 1016 3928 converterent
1052 3870 1101 3923 sed
1118 3889 1168 3942 sps
1189 3890 1238 3924 sue
1255 3872 1303 3924 tm-

220 3942 297 3994 struti
314 3950 387 4005 sunt,
408 3941 481 4008 cepti
493 3940 629 4010 siquidem
645 3938 774 3990 iniustum
792 3948 907 3992 mortem
921 3949 1053 4010 oppetere
1071 3942 1116 3994 dei
1136 3961 1242 3996 summe
1259 3942 1303 3995 ni·

221 4012 364 4073 roratione,
378 4012 474 4081 ¹paucis
487 4012 617 4081 exceptis,
637 4017 760 4077 utsupra
777 4012 953 4075 narravimus,
969 4014 1115 4078 evasimus,
1134 4014 1185 4067 ssd
1200 4011 1303 4085 proprii!

220 4083 264 4134 uti
282 4082 404 4134 libertati
428 4084 560 4134 restitutis
577 4098 635 4134 nou
651 4081 775 4149 contigit.
819 4082 925 4133 'l'urcue
946 4084 1028 4145 euim,
1047 4086 1164 4138 solertes
1182 4102 1243 4138 curn
1259 4085 1304 4137 siet

222 4159 252 4206 et
269 4152 484 4211 adinvenienda
502 4154 597 4219 multa,
615 4167 705 4206 reruns
719 4167 799 4224 qutun
811 4152 955 4224 possident
971 4156 1151 4226 experientis,
1167 4156 1303 4228 pronpfit·
