2752 5092
224 230 283 335 dd
542 261 716 326 ououou
746 262 986 326 summme
1023 316 1027 330 ,

225 427 348 505 μᾶλλον
376 433 475 511 κρίμα
498 427 607 509 ἕξομεν
629 425 735 512 ἡμεῖς,
768 425 824 503 oric
845 423 861 490 ὃ
885 427 1028 511 Χριστὸς
1056 431 1112 493 ναί
1127 427 1204 506 θεὸς
1225 425 1318 513 ἡμῶν

226 527 268 589 δι’
284 518 410 611 άφατον
428 521 531 590 adseri
552 527 785 608 είσπλαγχνιαν
802 530 845 613 τῷ
868 530 971 615 οἰκείῳ
991 528 1106 609 αἵμασι
1124 524 1313 612 ἑξηγόρασο,

226 628 281 689 καί
300 623 397 706 νόμον
426 623 482 691 καί
509 625 639 701 ἐντολάς
664 625 834 709 ἐχαρίσατο
862 626 957 710 ἡμῖν,
985 624 1040 713 τήν
1059 650 1092 693 ει
1112 627 1238 713 εἰρήνην
1260 631 1318 693 καί

225 723 349 810 ἀγάπην
369 726 579 809 ἐνομοθέτησε
600 734 729 810 σημεῖον
758 728 880 809 πρῶτον
899 726 956 791 καί
973 723 1146 812 κεφάλαιον
1169 734 1234 801 τοῖς
1254 722 1315 789 ori·

225 827 284 887 rosi
308 829 468 910 μαθηταῖς
497 829 604 890 θέλων
631 818 712 888 εἶναι
742 822 877 910 ἔφησεν·
930 819 1021 901 σίδας
1043 822 1105 911 γάρ
1134 829 1237 901 καλῶς
1258 824 1315 890 καί
1322 828 1343 891 5

224 927 338 1006 τοῦτο,
359 925 414 989 καί
431 932 497 1000 τοῖς
517 926 600 989 νιάσι
620 927 760 1009 φανερόν
780 928 861 989 ἐστι.
912 923 967 989 καί
987 921 1004 987 ὅ
1025 923 1103 1006 ἐμάς
1124 924 1315 1009 ἀείμνηστος

223 1021 330 1106 πατὴρ
352 1020 408 1087 καί
425 1022 578 1106 βασιλεῦς
597 1026 632 1088 six
652 1025 768 1107 μικροῦ
788 1015 863 1087 ὄντα
885 1045 922 1088 σι
948 1025 995 1100 εἷς
1013 1027 1096 1107 μέγα
1114 1021 1240 1106 ἀξίωμα
1260 1025 1318 1088 καί

226 1121 380 1207 ἀφφίκιον
401 1122 591 1205 ἀνεβίβασε,
611 1125 666 1188 καί
681 1121 749 1209 ἕωςΙ
760 1124 814 1187 καί
832 1126 997 1204 βασιλείας
1015 1119 1170 1205 ἀνόμοιος
1188 1127 1234 1210 τῷ
1252 1127 1318 1187 θα-

227 1219 310 1310 νάτῳ
331 1217 432 1286 αὑτοῦ
450 1223 565 1308 η’ξίισσέ
580 1246 627 1289 σε.
676 1220 877 1307 ἐνθυμήθητι
905 1227 1009 1300 καλῶς
1038 1221 1097 1307 την
1120 1221 1243 1308 ἀγάπην
1261 1219 1320 1286 καί

227 1321 442 1405 ανεαμαιαιην
467 1322 611 1388 διάθεσιν
631 1319 671 1406 ἢν
692 1317 760 1404 εἶχε
788 1323 867 1405 πρὸς
887 1325 932 1388 σέ.
980 1322 1037 1388 καί
1054 1325 1113 1404 ἐμὲ
1131 1322 1186 1388 τὸν
1206 1325 1319 1389 ταλαί-
1332 1344 1369 1389 ιο

189 1441 195 1465 ⁸
228 1441 336 1503 πωρον
355 1421 411 1484 καί
429 1423 575 1504 δυστυχῆ
595 1423 642 1497 et}
662 1424 773 1504 χεῖράς
786 1444 845 1486 σοα
865 1423 1038 1508 παρέδωκε,
1059 1419 1189 1508 κοίτην
1207 1425 1323 1506 σογγέ·

227 1542 315 1584 νειαν
334 1518 524 1603 προστάξας,
544 1517 623 1586 ὥστε
638 1525 694 1586 καί
711 1525 746 1588 έν
760 1515 908 1605 ἀστέραις
926 1515 1027 1604 ἀραις
1040 1525 1097 1607 τῆς
1117 1522 1199 1607 ζωῆς
1218 1521 1322 1586 edred

228 1616 290 1683 cirri
312 1616 475 1704 ἡμῶνκαὶ
493 1620 584 1701 ὑμῶν
605 1619 787 1706 γενὴσηται,
811 1617 929 1705 ὥρισε·
949 1623 1006 1685 καί
1025 1620 1082 1706 την
1101 1625 1208 1686 πᾶσαν
1231 1623 1322 1697 diov-

228 1724 304 1784 σιάν
328 1722 387 1786 rosi
416 1721 546 1784 διοικεῖν
580 1721 636 1784 καί
663 1717 842 1801 ποιμαίνειν
863 1717 920 1799 ἐμέ
936 1741 970 1785 τι
999 1725 1055 1785 ναί
1075 1719 1132 1804 την
1152 1724 1322 1802 βασιλείαν
1349 1732 1352 1737 ’

177 1845 203 1882 ιι
225 1816 399 1900 Ῥωμαίων
418 1821 465 1894 είς
487 1816 598 1904 χεῖράς
619 1842 679 1884 σου
701 1818 936 1898 ἑνεμπίσιεοσι.
984 1817 1024 1885 σά
1048 1821 1084 1884 dd
1103 1821 1165 1902 οάχ
1185 1817 1369 1895 signos-15

226 1917 292 2000 μην
313 1916 465 2003 ἀληθινάς
495 1921 541 1994 εἰς
571 1913 699 1983 ἅπαντα
725 1920 875 2002 ἐποίησας
897 1919 952 1982 καί
976 1919 1017 1982 ου’
1035 1916 1174 1984 νιαάεσαι
1196 1926 1323 2000 ποιεῖν,

228 2018 297 2083 ἀλλ’
330 2017 375 2094 οὖς
394 2011 542 2103 άντιιιρος
563 2015 656 2094 iduor
676 2017 731 2083 καί
750 2016 863 2106 ληστης
888 2018 944 2081 καὶ
961 2020 1116 2101 κλέπτης·
1165 2020 1222 2083 καί
1240 2015 1322 2082 κατά

228 2121 335 2183 πᾶσαν
356 2115 511 2202 ἀνάγκην,
535 2122 565 2183 εἰ
587 2117 730 2200 δυνατόν,
755 2121 859 2194 θέλεις
878 2117 934 2181 καί
943 2118 1093 2199 βοάλεσαι
1112 2117 1164 2182 ἵνα
1188 2114 1246 2198 ἐμὲ
1265 2114 1325 2180 τὸν

227 2215 419 2301 κληρονόμον
445 2221 501 2300 τῆς
523 2217 628 2301 ἀρχῆς
651 2216 706 2282 καί
724 2215 875 2298 διάδοχον
897 2218 955 2281 καί
981 2214 1142 2301 τεσσάρων
1161 2218 1324 2298 βασιλέοιν

228 2312 382 2400 ἀπόγονον
399 2318 452 2401 τῆς
465 2319 629 2398 βασιλείας
655 2316 824 2403 γομνιάσης
842 2313 899 2380 καί
919 2312 1105 2404 ι’θιατεάσης
1128 2317 1185 2382 καί
1207 2319 1245 2381 σὲ
1265 2311 1323 2381 τάν
1331 2332 1374 2374 211

227 2416 355 2502 ίάιιάτην
369 2410 444 2482 ὄντα
464 2421 599 2500 βασιλέα
615 2415 755 2504 αοιὴσης.
780 2413 842 2500 ἐγώ
856 2418 891 2481 δὲ
905 2417 947 2503 τῇ
967 2414 1081 2504 ἀμάχῳ
1105 2413 1240 2499 δυνάμει
1260 2412 1323 2502 τῆν

298 2669 324 2705 ι
344 2655 419 2711 ἔλεον
434 2650 519 2708 αὐτοῦ
536 2652 566 2704 Μ
610 2704 613 2705 a
654 2655 678 2708 5.
696 2653 807 2710 θέλωΡ
901 2668 925 2724 η.
942 2652 1063 2714 ὄντοςΡ
1133 2656 1157 2710 Β.
1176 2651 1269 2724 ὄνομα
1288 2652 1322 2706 Μ

301 2725 341 2778 13.
359 2722 532 2793 γενησεσθαι
553 2723 572 2776 Ρ
662 2739 700 2794 ιη.
718 2728 767 2778 ναὶ
784 2724 898 2790 κλέπτης
915 2741 958 2776 om
978 2726 997 2776 P
1105 2725 1142 2777 rs.
1162 2726 1253 2784 θέλεις
1269 2728 1323 2778 καὶ

298 2794 430 2865 potuum
447 2794 495 2849 ἵνα
513 2793 623 2866 ἐμέσαι
640 2792 661 2848 P
751 2813 791 2867 ¹9·
811 2795 1022 2870 κληρονόμου.
1040 2793 1068 2848 ἀ.
1085 2798 1134 2849 ιιαλ
1150 2792 1284 2866 διάδοχος
1301 2796 1323 2851 Ρ

298 2881 342 2921 ar·
358 2863 525 2937 βασιλεῦσαι
542 2865 561 2919 P

229 3070 282 3126 tur,
301 3077 373 3133 quae
389 3060 463 3113 belia
479 3061 608 3126 excitent,
623 3068 764 3132 precatur:
789 3068 893 3132 quanto
912 3061 1025 3130 rigidius
1043 3059 1172 3113 iudicium
1190 3076 1242 3113 uos
1260 3077 1324 3113 ma-

231 3142 295 3195 net,
311 3149 379 3202 quos
391 3132 531 3197 Christus,
549 3132 618 3184 deus
634 3140 736 3196 noster,
753 3132 861 3185 infinita
878 3141 1028 3184 commotus
1045 3130 1239 3195 misericordia,
1258 3149 1324 3185 san.

231 3205 313 3272 guine
331 3221 381 3256 suo
400 3203 531 3267 redemit,
551 3212 578 3256 et
595 3205 655 3272 iege
673 3202 864 3274 mandatisque
882 3203 1006 3266 donavit,
1022 3202 1122 3272 quibus
1139 3219 1234 3271 pacem
1251 3204 1325 3254 cari.

231 3283 369 3344 tatcmque
392 3283 513 3327 mutuam
537 3276 653 3344 imperat
676 3284 707 3327 ut
729 3292 861 3327 summum
886 3292 918 3325 ac
934 3275 1107 3343 praecipuum
1124 3274 1192 3324 disci
1213 3273 1325 3326 uiorum

231 3362 340 3397 suorum
349 3345 471 3413 insigne?
482 3345 534 3397 hoc
542 3362 593 3398 nec
602 3355 629 3397 te
640 3346 718 3414 sugit,
726 3362 777 3398 uec
787 3346 909 3414 ignotum
923 3353 964 3397 est
975 3345 1109 3414 cuiquam.
1122 3291 1236 3407 accedit,
1247 3345 1325 3413 quod

232 3425 310 3484 pater
322 3432 396 3471 meus
408 3416 563 3484 imperator,
573 3425 704 3486 perpetua
714 3416 845 3469 colendus
861 3417 999 3478 memoria,
1013 3431 1046 3465 ex
1056 3415 1170 3466 obscuro
1181 3423 1208 3466 te
1221 3414 1257 3465 ad
1266 3432 1326 3466 nra·

233 3487 277 3554 gni
288 3487 407 3537 muueris
416 3487 623 3556 amplitudinem
634 3489 731 3550 evexit,
744 3486 869 3555 adeoque
882 3488 1047 3556 imperatorii
1061 3486 1178 3537 uomiuis
1196 3485 1326 3537 claritate

234 3558 313 3609 morti
333 3558 386 3607 iam
397 3557 504 3609 vicinus
519 3566 547 3610 te
562 3559 726 3609 honestavit.
747 3559 918 3609 reminiscere
930 3558 1028 3625 igitur,
1052 3574 1106 3625 quo
1119 3556 1202 3607 fuerit
1213 3572 1275 3624 erga
1294 3564 1326 3608 te

218 3631 323 3700 ‚auimo
331 3637 359 3679 et
370 3644 470 3690 amore,
480 3629 618 3697 quomodo
630 3629 757 3679 miserum
770 3645 814 3679 me
825 3638 854 3679 et
867 3628 1005 3679 infelicem
1016 3628 1045 3677 in
1060 3644 1152 3678 rnuuus
1163 3635 1224 3678 tuas
1236 3627 1326 3678 tradi·

234 3699 306 3751 derit
316 3707 400 3768 atque
416 3698 545 3751 affinitate
560 3716 610 3750 nos
621 3700 703 3751 etiam
721 3707 783 3768 post
799 3699 884 3768 ipsius
902 3697 1008 3749 obitum
1028 3699 1186 3749 coniunctos
1203 3714 1262 3748 esse
1275 3715 1326 3749 vo-

234 3769 325 3833 luerit,
340 3777 368 3821 et
382 3785 460 3821 omne
475 3777 530 3820 tum
543 3770 659 3839 imperii,
678 3778 735 3821 tum
749 3770 802 3820 mei
814 3769 926 3837 regendi
943 3767 1171 3838 custodiendique
1180 3768 1326 3820 arbitrium

233 3842 287 3893 tibi
303 3841 353 3892 uui
369 3840 539 3892 commiserit.
558 3848 588 3892 at
602 3849 632 3891 tu
645 3856 701 3890 nou
718 3857 809 3892 verum
824 3839 945 3891 omnium
962 3839 1110 3901 custodem,
1127 3838 1176 3889 sed
1187 3840 1283 3907 lupum
1296 3846 1328 3891 et

234 3912 323 3963 iurem
336 3919 365 3963 et
377 3911 511 3962 latronem
529 3918 557 3961 te
574 3910 733 3979 praebuisti,
752 3927 803 3960 nec
821 3911 904 3961 talem
918 3919 946 3961 tc
956 3909 1106 3979 praebendi
1123 3910 1236 3960 modum
1249 3908 1328 3970 sacis,

234 3990 283 4035 aut
298 3981 448 4051 quidquam
465 3981 668 4051 praetemsittis,
688 3996 759 4049 quo,
775 3983 798 4031 si
815 3981 914 4050 possis,
931 3996 983 4043 ure,
1003 3981 1077 4048 regui
1094 3979 1222 4031 heredem
1241 3988 1328 4050 atquo

235 4069 414 4104 successorem
436 4059 464 4104 et
481 4060 599 4122 quatuor
616 4052 811 4121 imperatorum
828 4054 992 4120 progeniem,
1010 4052 1125 4120 imperio
1142 4059 1274 4113 exutum,
1291 4049 1327 4101 ad

236 4123 366 4192 priuatam
385 4124 467 4177 sitam
487 4121 630 4188 detrudas,
649 4130 677 4175 to
695 4137 728 4175 er
747 4122 852 4193 privato
870 4122 954 4176 sacius
974 4122 1170 4194 imperatorem.
1190 4138 1243 4192 ego
1260 4136 1327 4180 vero
