2760 5092
415 610 490 674 rin.
512 612 566 674 ιιι.
597 607 689 674 cor.
709 612 763 674 ιιι.
1031 690 1033 695 ρ
1070 592 1158 679 3οὸ

65 757 255 844 σοφτότατον
274 756 334 840 κόρ
355 761 387 824 Γ
385 758 516 844 ειόργιον
534 760 590 825 τόν
610 752 784 843 Σχολόρὶον
803 763 914 830 λιιῖκόν
938 763 986 833 ἔτι
1017 760 1091 835 ὄντα
1112 773 1160 851 εἰς

65 854 272 941 πατριόρχην
293 857 551 944 ἐχειροτόνησαν,
575 857 610 924 όν
630 864 685 925 καὶ
708 863 738 925 Γ
737 858 879 927 εννόδιον
899 867 1119 949 ἐπωνόμασαν.

151 959 353 1042 Προόπῆρχε
381 959 417 1022 δὲ
447 961 504 1023 καί
530 958 615 1038 τόξις
641 959 697 1025 κατ’
724 961 880 1045 συνήθεια
907 974 975 1041 τοῖς
993 971 1163 1048 βασιλεῦσι

68 1060 279 1139 Χριστιανοῖς
307 1059 360 1121 ἵνα
391 1061 591 1139 όοιροποιῶσι
624 1062 668 1147 τῷ
697 1053 951 1147 χειροτονηθέντι
978 1066 1162 1156 πατριόρχη

36 1158 183 1223 orsmari
213 1156 388 1220 δεκανόκιον
406 1159 549 1240 χρυσοῦν
578 1157 659 1239 μετὰ
681 1164 781 1225 λίθοιν
801 1165 982 1243 πολυτίμων
1001 1169 1056 1230 καί
1075 1191 1162 1249 μαρ.

65 1253 175 1338 γάρυον
195 1257 470 1340 όγκεκοομημένον,
491 1260 547 1323 καί
574 1261 669 1324 ἵππον
689 1258 831 1324 ἐκλεκτόν
852 1263 887 1325 ἐκ
907 1264 971 1327 τοῖν
989 1268 1163 1344 βασιλικῶν

65 1352 146 1436 μετό
167 1356 322 1439 ἐφιππίου
343 1358 399 1419 καί
417 1358 603 1441 ἑφεοτριλλος
632 1362 798 1442 βασιλικῆς
818 1361 1083 1446 όγκεκοσμημένον
1104 1387 1162 1428 πο·

67 1457 228 1529 λυτελαῖς·
277 1459 334 1520 καί
352 1453 433 1535 μετὰ
452 1459 591 1537 χαοδόου
613 1461 728 1520 λευκοῦ
747 1457 802 1523 καί
820 1465 949 1543 χρυσοῦ
970 1462 1162 1544 σκεπόμενος

65 1547 107 1637 ἢν
127 1553 144 1617 6
165 1558 268 1629 λ’ππος.
312 1553 367 1619 καί
384 1558 419 1619 ἐκ
439 1557 494 1620 τοῦ
516 1555 672 1621 παλατόου
692 1559 749 1621 τοῦ
769 1561 939 1638 βασιλικοό
957 1559 1034 1642 μετό
1057 1561 1205 1646 uniames

17 1658 124 1738 ιοτῆς
145 1652 320 1736 συγκλήτου
355 1652 559 1737 ἐξερχόμενος
586 1649 602 1719 6
621 1656 819 1740 πατριάρχης
846 1655 902 1722 καί
919 1658 1163 1744 εόφημοόμενος

66 1758 103 1819 όν
119 1756 163 1844 τῷ
183 1757 400 1842 πατριαρχεόῳ
420 1754 675 1840 όπανέστρεφεν·
727 1755 781 1820 καί
802 1755 822 1840 ἧ
843 1762 1024 1841 χειροτονίαι
1045 1761 1161 1842 ι’γόνετο

66 1856 155 1940 παρόν
175 1856 238 1919 τοῖν
259 1855 456 1938 α’ρχιερέων,
481 1852 526 1928 τός
545 1856 631 1932 τάξις
660 1855 716 1920 καί
737 1851 831 1936 νόμος
852 1848 900 1941 ἦν.
942 1856 1103 1940 ἐλάμβανε
1125 1862 1163 1925 δὲ

67 1954 87 2017 6
110 1957 234 2034 μέλλων
252 1958 401 2036 γενέσθαι
422 1952 619 2038 πατριάρχης
652 1957 687 2019 ἐκ
706 1958 769 2020 τῶν
788 1960 845 2019 τοῦ
866 1960 1022 2037 βασιλέως
1043 1962 1163 2042 χειροῖν

66 2051 103 2120 τό
126 2050 301 2118 δεκανόκιον
320 2052 585 2135 τοιουτοτρόποις·
616 2056 841 2135 4καθεζομένου
856 2057 913 2119 τοῦ
931 2060 1087 2138 βασιλέως
1108 2060 1165 2124 ἐπὶ

19 2155 129 2219 ι5τοῦ
146 2155 316 2233 βασιλικοῦ
328 2154 458 2238 δίφρου,
480 2156 535 2217 καί
554 2156 641 2218 πᾶσα
661 2153 680 2237 ἦ
702 2152 1046 2238 σόγκλητοςὶοτόμενοι
1066 2157 1163 2222 (ἔσκε.

68 2259 139 2329 πεῖς
159 2254 215 2316 καί
227 2251 333 2338 teror,
354 2253 410 2316 καί
429 2251 446 2316 6
466 2256 565 2336 μέγας
579 2256 792 2337 πρωτοπαπιῖς
806 2258 865 2319 τοῦ
882 2256 1039 2321 παλατόου
1061 2259 1163 2326 ε’ποότι

68 2350 253 2436 ευλογητόν,
281 2347 348 2416 εἶτα
370 2351 425 2416 roi
442 2353 564 2448 ,μικρόν
586 2355 723 2437 incertia,
744 2356 799 2417 καί
819 2352 836 2417 6
860 2358 958 2437 μέγας
980 2358 1163 2437 δομέστικος

67 2449 190 2533 ἔψαλλε
208 2448 244 2515 τό
262 2444 368 2513 “inor
388 2449 449 2534 γὰρ
470 2455 627 2534 βασιλέως
648 2451 829 2534 παρουσόα”
848 2450 904 2515 καί
921 2450 962 2516 τὰ
985 2450 1065 2537 ἑξῆς.
1093 2451 1162 2520 εἶτα
1272 2521 1280 2533 ,

68 2550 105 2616 τό
128 2550 206 2627 δόξα
226 2549 243 2614 6
262 2550 484 2634 λαμπαιλόριος
505 2553 540 2615 ἐκ
559 2555 616 2615 τοῦ
632 2546 742 2633 ἑτέρου
767 2555 881 2634 χοροῦ,
903 2553 959 2616 καί
981 2555 1038 2617 νῦν
1057 2552 1094 2617 τό
1113 2554 1163 2617 “6

16 2648 221 2730 Άοβαοιλεός
240 2654 303 2714 cciv
339 2650 501 2734 oripovoir’'
518 2649 574 2714 καὶ
597 2648 638 2713 τό
663 2644 744 2732 ἑξῆς.
784 2648 863 2732 μετὰ
885 2652 921 2715 δὲ
939 2647 975 2714 τό
992 2655 1080 2728 τέλος
1102 2656 1161 2717 τοῦ

68 2752 244 2834 τροπαρίου
267 2747 284 2813 6
305 2735 458 2830 βασιλόός
480 2748 641 2828 ἀνίστατο,
669 2744 751 2830 ἔχων
772 2746 826 2812 ἐπὶ
844 2748 902 2831 τήν
923 2747 1029 2827 δεξιόν
1051 2749 1086 2814 τό
1110 2753 1161 2815 ιλι-

66 2853 215 2930 κανόκιον,
234 2848 252 2912 6
275 2852 311 2915 δὲ
336 2845 522 2935 όποψὴφιυς
552 2845 734 2932 ἐρχόμενος,
752 2852 808 2913 καί
826 2849 862 2913 εἰι
880 2852 937 2914 τοῦ
956 2845 1024 2925 ἑνός
1042 2852 1162 2934 μέρους

67 2947 169 3014 αότοῦ
187 2947 205 3011 6
226 2952 428 3035 Καισαρείας
446 2951 481 3014 ἐκ
502 2952 539 3014 δὲ
550 2951 608 3012 τοῦ
627 2950 774 3035 δευτέρου
796 2944 812 3010 6
829 2947 1021 3033 Ἡρακλείας
1040 2963 1160 3035 μητρο·

142 3160 181 3213 ro.
201 3157 297 3229 opaco»
313 3159 333 3211 P

66 3359 131 3406 runt
159 3361 187 3405 et
209 3351 387 3424 patriarcham
413 3359 552 3418 crearunt,
580 3357 686 3406 mutato
719 3351 831 3405 nornine
859 3349 1030 3404 Gennadium
1060 3350 1156 3421 appel·

66 3423 163 3475 latum.

136 3496 201 3546 Erat
218 3501 308 3545 autem
325 3510 423 3545 munna
441 3501 470 3546 et
485 3510 542 3545 moa
561 3491 776 3545 Chrirtianorum
794 3492 996 3562 imperatorum,
1012 3496 1043 3542 ut
1060 3505 1155 3544 recena

64 3573 156 3617 creato
202 3564 351 3617 atriarahae
377 3565 476 3634 pedum
495 3581 619 3625 aureum,
639 3564 751 3631 gemmia
769 3572 797 3615 et
814 3563 962 3632 margaritis
980 3560 1154 3628 decoratum,

63 3644 147 3706 atque
165 3583 281 3687 ebatum
303 3634 337 3687 de
366 3636 439 3705 regio
457 3635 565 3687 stabulo
583 3651 694 3703 equum,
709 3634 779 3686 aella
807 3642 835 3685 et
852 3642 936 3686 atrato
954 3640 1090 3684 rumtoore
1109 3650 1154 3684 or·

63 3717 167 3768 natum,
186 3715 214 3758 et
230 3706 315 3758 aerico
333 3707 431 3758 villoso
451 3706 506 3757 albi
526 3706 627 3757 colorir
644 3714 673 3756 ct
691 3705 743 3756 fitia
770 3705 859 3756 aureis
876 3706 1024 3756 intertexto
1043 3710 1153 3769 tectim,

63 3776 207 3829 donarent.
245 3774 309 3828 huic
327 3794 397 3847 equo
414 3777 534 3829 inridens
548 3775 699 3845 patriarcha
717 3792 777 3827 cum
789 3777 914 3826 universo
933 3784 1027 3826 renato
1047 3781 1074 3826 et
1092 3775 1154 3827 fau-

62 3849 111 3899 atir
129 3847 368 3900 acclamationibnr
387 3864 402 3899 e
422 3849 524 3916 palatio
543 3847 719 3917 imperatorio
737 3846 766 3897 in
779 3843 956 3916 patriarchale
977 3844 1092 3909 redibat,
1111 3856 1154 3898 at-

62 3934 118 3988 que
135 3919 237 3971 creatio
255 3935 304 3987 per
321 3919 463 3989 epitropos
485 3917 577 3982 tiebat,
602 3926 634 3970 ut
653 3918 713 3984 lego
734 3924 761 3968 et
777 3933 851 3969 more
871 3917 1002 3969 sancitum
1022 3923 1088 3968 erat.
1107 3934 1153 3969 ac·

62 3986 184 4057 cipiebat
201 3997 292 4041 autern
313 3990 419 4042 iuturur
438 3988 589 4059 patriarcha
614 4005 628 4040 e
647 3987 772 4040 manibur
795 3988 964 4058 imperatorie
982 3986 1082 4056 pedam
1102 3987 1152 4039 taii

60 4057 154 4112 modo.
197 4060 312 4113 cedente
336 4061 497 4130 imperatore
523 4061 552 4111 in
577 4059 644 4111 aelia
668 4060 840 4127 imperatoria
869 4068 897 4111 et
919 4058 992 4109 omni
1013 4073 1152 4127 procerum

61 4130 160 4182 ordine
177 4131 367 4184 circumrtante
386 4132 465 4183 nudie
478 4130 623 4199 capitibus,
639 4146 750 4198 magnus
769 4139 932 4200 protopapae
950 4127 1045 4197 palatii
1065 4127 1153 4178 hene·

61 4198 219 4266 dictionem,
232 4200 332 4254 deinde
350 4218 458 4270 parvam
476 4218 584 4271 precum
602 4201 699 4253 seriem
717 4201 921 4269 pronuntiabat,
941 4207 1023 4267 atque
1040 4213 1152 4265 πιερσον

60 4270 226 4325 domesticus
254 4272 369 4325 canebat
392 4270 459 4323 “ubi
476 4273 549 4323 enim
570 4273 638 4340 regia
662 4268 833 4341 praescntia’'
852 4280 879 4323 et
896 4284 966 4339 quae
984 4277 1150 4337 coquuntur3

59 4350 120 4394 tum
146 4340 268 4412 “gioria'’
292 4341 473 4413 ianrpadariua
499 4357 533 4394 ex
559 4343 646 4394 altero
667 4341 766 4404 choro,
789 4350 818 4394 et
831 4337 899 4392 “rex
924 4336 1079 4390 coeiornm’'
1098 4348 1150 4391 etc.

61 4413 140 4467 finito
157 4424 239 4467 cantu
261 4416 382 4475 alterno,
402 4414 547 4482 imperator
564 4412 700 4479 turgebat,
719 4412 811 4463 dextra
830 4428 909 4480 rpanu
928 4407 1026 4480 poclum
1045 4417 1151 4471 tenena,

58 4494 143 4557 atque
164 4485 337 4551 candidatur,
358 4485 435 4538 cuine
452 4485 565 4538 aiterum
589 4483 658 4537 latua
675 4483 847 4554 metropolita
866 4481 1061 4544 caesareensis,
1078 4479 1150 4533 alte-

153 4587 314 4645 Pbrarrtaer.
930 4598 964 4636 20

629 4664 645 4692 ὓ
