2782 5100
461 599 539 664 uro.
559 601 586 662 1.
613 596 703 665 car.
718 557 825 665 lxm.
1116 604 1171 688 9¹

88 747 166 829 μετά
188 749 249 814 soti
270 742 365 833 ῥηγάς
384 746 576 814 Λαδισλάοο
597 744 697 814 osiris
719 750 869 835 ἐνίκησεν.
921 748 1178 817 stauratium

86 853 149 913 τῶν
168 845 308 929 Βλάχων
324 850 380 913 καί
397 845 642 931 Μολδοβλάχων
660 840 755 913 usialis
772 847 997 934 κατόρθωσιν,
1017 847 1099 917 ἀλλά
1126 853 1183 935 ζη-

86 947 244 1029 μιαμίνος
265 948 512 1030 εἀανέστριφεν.
554 941 623 1012 εἶτα
642 940 741 1024 αὖθις
762 948 909 1033 διάτορον
929 953 1095 1035 στρατεύει
1112 953 1183 1015 κατ’

86 1047 211 1112 nuituis·
243 1049 300 1111 καί
319 1043 349 1110 oi
368 1044 493 1129 Βλάχοι
512 1047 558 1122 τίς
575 1044 728 1132 βοήθειαν
746 1046 825 1124 sosio
838 1047 1021 1134 θάγγάροος
1041 1072 1182 1132 κροσκιι·

58 1140 270 1228 5λεσάμενοι,
299 1148 356 1210 καί
382 1149 520 1228 πολέμου
546 1142 757 1231 ηἐνομάνοοῆ
785 1147 855 1234 νίκη
871 1151 917 1237 spi
936 1148 1046 1236 οἶμηρᾷ
1067 1142 1107 1232 ην
1125 1149 1183 1216 καί

83 1237 183 1309 nisos*
207 1243 495 1329 dseosopnsirtipous
516 1245 699 1331 φεύγοντες.
748 1249 877 1331 λέγουσι
896 1241 998 1312 didas
1019 1247 1180 1315 α’κίθανον

81 1345 120 1409 ἐν
137 1346 241 1432 ἐκείνη
271 1345 313 1431 τῇ
332 1342 422 1432 μάχη
442 1349 549 1410 πλεῖον
571 1341 595 1428 ἢ
615 1342 785 1432 τριάκοντα
801 1343 945 1430 χιλιάδες
963 1337 1129 1430 Οάγγαροί
1142 1369 1179 1411 τε

79 1440 141 1507 καί
157 1440 304 1527 Βλάχοι,
338 1447 475 1528 Τοῦρκοι
495 1446 532 1510 δὲ
552 1441 636 1509 πάνυ
665 1442 780 1528 ὄλίγοι.
832 1446 891 1529 τῆς
912 1447 1052 1520 παλαιάς
1069 1446 1179 1509 Ἠπεί-

78 1564 142 1627 ροα
164 1545 263 1628 μέρος
281 1546 338 1608 καί
354 1540 526 1621 Αἶτωλοάς
544 1545 601 1609 καί
619 1543 792 1628 Ἀκαρνοάς
814 1545 927 1631 Θῆβάν
945 1565 982 1609 τε
1004 1542 1060 1610 καί
1076 1542 1178 1629 Ἀθη-

31 1662 72 1708 ιο
80 1666 142 1708 ναν
162 1646 219 1709 καί
229 1644 335 1708 πάσαν
348 1645 510 1709 Βοιωτίαν
534 1642 591 1709 καί
603 1643 740 1711 Ἑλλάδα
759 1646 816 1710 καί
832 1644 994 1714 Ἰωάννινα
1018 1641 1177 1708 ἐδούλωσα

78 1744 227 1832 πολέμῳ,
257 1741 314 1809 καί
338 1741 395 1807 τάν
421 1744 477 1829 τῆς
496 1741 700 1828 Καισαρείας
723 1744 851 1831 άμηράν
880 1743 927 1821 είς
944 1746 1035 1819 τέλος
1053 1741 1176 1827 ἐνίκησε

76 1841 138 1909 καί
166 1843 322 1929 ἠφάνισε,
350 1840 406 1907 καί
433 1837 543 1927 κύριος
569 1844 626 1927 τῆς
655 1844 759 1930 ἀρχῆς
787 1838 864 1930 άλης
889 1840 1009 1927 ἐκείνης
1037 1843 1174 1925 ἐγένετο,

75 1935 178 2027 άχρις
203 1944 241 2007 δέ
263 1966 357 2009 τινων
380 1944 557 2029 φρουρίων,
585 1942 610 2008 ά
628 1936 711 2030 η’σαν
729 1941 866 2010 ἔνεισιν
885 1936 993 2029 άρεσιν
1011 1939 1175 2025 ὖψηλοτά-

74 2065 162 2124 τοις,
191 2038 271 2107 ἔνθα
294 2032 394 2126 ἦλθεν
413 2036 431 2106 ὅ
453 2039 651 2129 Καραμάνος
676 2041 733 2109 καί
751 2039 811 2129 την
830 2045 1009 2126 κατοίκησιν
1027 2041 1173 2107 ἐποιεῖτο.

26 2140 137 2207 ιὸκαί
158 2136 177 2205 ὅ
198 2139 258 2229 pi}
272 2141 458 2219 Λαδισλάος
477 2139 692 2229 ὄμοφωνησας
704 2139 786 2226 μετά
806 2144 900 2209 τινων
918 2138 1035 2227 ἑτάρων
1055 2138 1175 2206 alao-

73 2265 142 2308 των
163 2242 370 2326 Χριστιανῶν
399 2238 527 2325 ἔρχεται
558 2233 655 2322 αὖθις
681 2239 763 2309 κατά
790 2244 851 2309 τοῦ
866 2236 1089 2326 Ἀμονράτον,
1117 2241 1174 2305 καί

75 2345 141 2418 ἕως
158 2342 217 2427 τῆς
236 2338 358 2417 πόλεως
377 2340 509 2427 Βάρκης
525 2341 709 2429 φθάσαντες
729 2345 785 2409 καί
801 2343 870 2408 ἐκεῖ
883 2336 965 2423 μετά
985 2341 1043 2406 τοῦ
1062 2338 1173 2424 άμηρά

74 2442 333 2526 σνναντηθίνσες,
354 2440 388 2519 ἐξ
408 2441 567 2525 οἷγνωσίας
586 2442 604 2506 si
625 2439 813 2518 Λαδισλάος
834 2436 970 2527 ἐσφάλη·
1012 2436 1069 2505 καί
1085 2436 1174 2524 νικη’·

74 2563 137 2616 σας
158 2537 260 2605 αάτὸν
279 2541 440 2606 ἀπέκτεινε
460 2543 517 2607 κατ’
532 2540 589 2608 τάν
608 2541 745 2626 στρατόν
757 2542 855 2607 αὐτοῦ
873 2540 1083 2605 διεσκέδασεν.
1103 2530 1173 2604 εἶτα

22 2655 66 2698 20
75 2640 245 2725 ἐξέρχεται
263 2635 341 2704 κατά
373 2641 431 2726 τῆς
460 2633 527 2706 άνω
549 2643 705 2727 Μυσίας,
731 2640 789 2707 καί
807 2639 889 2705 uulsi
905 2643 1003 2725 μέρος
1021 2632 1173 2713 άττοτελὲς

146 2815 174 2885 l·
191 2811 331 2890 οὕγκρους
347 2816 382 2881 P,
398 2816 447 2888 qui
466 2817 506 2871 sic
520 2813 624 2889 ubique
679 2834 706 2889 η.
723 2817 851 2879 arielem
865 2815 887 2871 P
905 2881 922 2939 ὅ
959 2829 1000 2867 ιο.
1016 2809 1127 2870 Ἰωνίαν
1142 2811 1172 2865 Μ

150 2955 190 3008 13.
210 2953 295 3026 ἄχρις
310 2955 357 3031 dl]
374 2951 487 3024 πλῆνΡ
601 2957 634 3014 ἐν
650 2960 740 3020 τίνεις
754 2957 786 3011 Μ
904 2901 1004 3019 adlidi:
1018 2951 1135 3026 ὑψηλοῖς
1154 2954 1173 3005 Ρ

148 3025 571 3088 τ5.λασάιλάοςλ1ειλι.λιι
590 3045 654 3082 mox
741 3028 947 3087 adsaloml’
1026 3043 1069 3100 ιη.
1089 3021 1172 3099 φθά-

145 3112 248 3158 σαντες
263 3099 346 3154 οαιΡ
430 3095 632 3172 άμοοράιονλ>

72 3275 132 3311 sam
151 3267 390 3331 oppugnatamque
407 3261 438 3314 in
450 3268 613 3331 potestatem
625 3277 702 3314 suam
718 3260 832 3331 redegit.
848 3260 932 3313 etiam
944 3257 1172 3328 ilungsriaepsr·

71 3338 131 3381 sem
149 3346 206 3382 non
224 3332 348 3400 exiguam
365 3331 417 3384 sibi
432 3333 551 3385 subiecit
565 3349 606 3397 ac,
623 3332 730 3402 proelio
746 3349 808 3384 cum
824 3330 948 3383 Ladislao
960 3347 1023 3399 rege
1036 3339 1171 3395 conserto,

71 3402 200 3470 superior
209 3401 342 3454 discessit
353 3411 447 3455 contra
461 3403 575 3455 Blaehos
586 3411 678 3455 autem
688 3411 717 3456 et
726 3400 932 3456 llloldoblachos
945 3401 1093 3472 proiectus,
1110 3416 1172 3452 suc-

70 3487 152 3522 cessu
170 3474 272 3534 caruit,
297 3473 351 3526 imo
369 3476 429 3524 cur'u
447 3473 612 3526 detrimento
630 3474 747 3527 recessit.
764 3489 828 3526 mox
846 3474 945 3526 iterum
962 3473 992 3523 in
1014 3487 1060 3523 eos
1078 3469 1172 3524 ducit:

69 3541 168 3592 Blachi
186 3542 327 3612 ilungaros
350 3543 474 3594 subsidio
500 3554 615 3612 socant3
632 3544 681 3597 sed
699 3552 823 3597 conserta
846 3559 940 3607 mauu,
956 3543 1071 3594 victoria
1086 3558 1172 3610 penes

70 3628 191 3663 emeram
209 3621 267 3676 est,
288 3614 329 3664 illi
348 3614 473 3684 dissipati
499 3615 617 3685 fugiunt.
646 3616 676 3667 in
695 3630 727 3667 ea
744 3631 833 3685 pugna
851 3614 1040 3682 Hungarorum
1056 3612 1172 3665 Blache-

69 3699 189 3752 rumque
206 3683 324 3753 amplius
342 3685 453 3752 triginta
470 3687 571 3751 millia,
583 3687 732 3738 Turcerum
749 3700 900 3755 perpaucos
918 3682 1050 3735 cecidisse
1067 3683 1172 3737 dicunt.

67 3762 178 3822 partem
207 3755 308 3806 veteris
329 3755 418 3824 Epiri,
452 3756 581 3819 Aetolos,
609 3757 778 3818 Acarnanes,
808 3753 935 3818 Thebas,
960 3753 1101 3819 Athenas,
1127 3763 1172 3808 to-

67 3833 127 3875 tam
147 3825 301 3889 Boeotiam,
325 3825 470 3878 llelladem
498 3837 527 3880 et
552 3825 704 3880 lohannina
733 3825 809 3878 bello
834 3826 888 3877 sibl
905 3825 1069 3890 vindicavit,
1086 3832 1171 3894 atque

67 3909 190 3946 emeram
208 3895 357 3949 Caesareae
385 3906 552 3968 postremum
582 3897 684 3950 devicit
711 3897 886 3967 delevitque,
912 3904 941 3949 et
967 3897 1092 3948 universa
1120 3895 1171 3947 illa

66 3964 179 4016 ditione
198 3966 302 4035 potitus
321 3975 376 4029 est,
402 3970 523 4038 exceptis
547 3968 711 4039 quibusdam
731 3968 870 4031 castellis,
895 3983 968 4038 quae
986 3967 1016 4019 in
1031 3964 1170 4019 montibus

66 4037 211 4088 altissimis
228 4045 322 4101 erant,
343 4036 392 4089 ubi
410 4038 502 4091 sedem
523 4039 707 4091 collocaverat
726 4038 901 4091 Caramanus.
946 4037 1088 4090 Ladislaus
1108 4053 1170 4098 rex,

65 4125 130 4158 cum
148 4108 209 4158 aliis
227 4107 392 4178 quibusdam
422 4109 594 4179 principibus
614 4109 776 4163 Christianis
805 4108 917 4161 loedere
934 4108 1058 4170 iunctus,
1076 4106 1170 4158 denuo

64 4186 164 4229 contra
182 4179 335 4230 Amuratem
355 4181 475 4250 suscepit
491 4180 713 4250 expeditionem,
731 4179 781 4233 scd
800 4179 920 4232 Vssnam
941 4195 1028 4248 usque
1045 4192 1170 4247 progres-

64 4265 113 4299 sus
142 4248 238 4317 ibique
263 4266 325 4300 cum
352 4267 442 4302 amera
475 4252 643 4322 proeliatus,
673 4249 809 4321 imperitia
830 4252 870 4302 rei
888 4249 1004 4301 bellicae
1022 4264 1079 4299 rem
1097 4246 1169 4299 male

61 4317 159 4388 gessit.
184 4336 303 4390 namque
329 4321 475 4373 certamine
494 4321 616 4375 devictus
642 4330 671 4374 et
688 4323 808 4386 occisus,
827 4320 1015 4388 exercitusque
1035 4319 1095 4370 eius
1124 4317 1169 4370 di-

63 4407 179 4459 spersus
201 4398 250 4441 est
265 4391 319 4442 iam
331 4394 472 4444 Amurates
483 4393 599 4461 Mysiam
616 4395 784 4463 superiorem
801 4393 945 4460 ingressus,
964 4405 1088 4457 maguam
1108 4389 1169 4441 eius

61 4468 173 4531 partem
194 4459 247 4513 sibi
264 4462 422 4532 vectigalem
439 4463 515 4530 lecit,
532 4480 564 4517 sc
575 4465 690 4518 Boanum
708 4473 737 4518 et
748 4462 896 4518 Iohannem
905 4460 1067 4515 Castriotam
1083 4460 1167 4533 plane

1371 4402 1381 4441 l
